4590 5828
324 1498 579 1630 denarius,
616 1495 703 1634 qui
737 1503 963 1630 vocatur,
1000 1495 1337 1610 Terentianus
1373 1505 1698 1636 comparatur
1733 1531 1849 1612 cum

518 1711 755 1826 trimetro
792 1712 1096 1827 Graecorum
1133 1711 1441 1858 (comoediae
1477 1712 1677 1864 norae.)

332 2159 480 2242 Quamvis
503 2159 597 2226 multi
620 2159 685 2224 iam
708 2161 741 2225 et
765 2159 850 2226 docti
873 2159 932 2224 riri
956 2159 994 2226 de
1016 2179 1050 2226 xe
1078 2159 1210 2226 metrica
1231 2160 1370 2226 Terentii
1396 2159 1586 2244 scripserint,
1616 2178 1715 2244 pauca
1745 2179 1800 2244 pro
1828 2161 1934 2228 labora

226 2267 411 2348 consumpto
436 2267 491 2332 aut
513 2265 743 2349 exspectatione
765 2264 882 2332 leviora
904 2265 1043 2350 plerique
1066 2266 1273 2346 confecerunt,
1297 2285 1396 2350 neque
1410 2266 1444 2332 id
1459 2266 1551 2332 aliter
1565 2265 1633 2334 deri
1647 2266 1760 2349 potuit.
1798 2267 1881 2334 Nam
1903 2267 1936 2332 in

223 2373 431 2439 diiudicandis
461 2371 595 2457 singulis
625 2372 701 2438 artis
728 2373 879 2438 metricae
902 2372 1107 2438 Terentianae
1135 2372 1286 2456 partibus,
1323 2391 1400 2457 quae
1433 2371 1533 2440 adhuc
1562 2374 1719 2439 tractatae
1749 2375 1831 2455 sunt,
1864 2393 1935 2457 pars

221 2481 385 2546 auctorum
400 2478 441 2545 ad
455 2478 556 2546 solum
568 2478 749 2545 Terentium
766 2479 939 2562 spectabat,
956 2496 1027 2560 pars
1039 2479 1219 2544 Terentium
1235 2498 1306 2545 cum
1318 2479 1431 2545 Plauto
1447 2481 1658 2563 comparabat,
1675 2498 1734 2564 quo
1746 2480 1865 2546 lactum
1876 2481 1934 2561 est,

222 2587 259 2651 nt
282 2585 331 2650 illi
353 2585 417 2651 fers
440 2585 535 2665 nullo,
559 2584 593 2649 hi
616 2603 677 2650 non
701 2585 788 2651 omni
811 2586 959 2669 exparte
983 2587 1067 2652 certo
1090 2603 1126 2651 ac
1150 2584 1249 2652 solido
1272 2585 1474 2652 fundamento
1498 2587 1599 2670 operis
1622 2587 1670 2652 sui
1694 2587 1863 2654 uterentur.

328 2691 523 2776 Quamquam
546 2693 628 2771 sunt,
660 2691 714 2773 qui
744 2710 781 2756 ex
803 2691 1024 2777 (Terentianae
1043 2691 1121 2758 artis
1143 2688 1230 2778 cum)
1257 2691 1364 2758 Plauti
1387 2692 1616 2776 comparatione
1644 2711 1768 2759 omnem
1790 2692 1932 2774 salutem,

221 2815 346 2865 omnem
369 2799 514 2864 arentum
537 2835 579 2844 -
602 2797 696 2879 idque
718 2797 905 2880 quibusdam
935 2797 968 2862 in
996 2799 1098 2878 rebus,
1132 2799 1169 2863 nt
1195 2797 1229 2862 in
1259 2797 1479 2882 grammaticis
1502 2817 1557 2865 suo
1578 2797 1647 2865 iura
1677 2835 1719 2848 -
1750 2799 1874 2884 sperant
1897 2817 1934 2865 ac

219 2903 406 2983 desiderent,
434 2905 604 2970 tamenne
634 2903 717 2970 hanc
741 2903 867 2988 quidem
888 2904 935 2969 ita
958 2922 1052 2988 grave
1073 2904 1269 2970 momentum
1294 2903 1333 2970 ad
1355 2903 1444 2970 illam
1467 2903 1502 2990 (i.
1526 2921 1553 2971 a.
1578 2907 1677 2971 artem
1701 2903 1933 2992 Terentianum)

217 3008 463 3094 intellegendam
486 3009 595 3076 afferre
618 3028 711 3092 posse
734 3009 813 3076 duaa
836 3029 891 3076 nos
914 3012 1043 3076 monent
1066 3029 1192 3076 causae:
1218 3011 1250 3077 st
1273 3009 1354 3094 qnod
1369 3010 1475 3076 Plauti
1491 3010 1613 3078 fabulas
1628 3011 1771 3096 plurimis
1786 3011 1934 3097 garnei-

218 3115 339 3200 misque
362 3114 546 3198 corruptelis
569 3115 671 3181 adhuc
693 3115 874 3198 inquinatae
898 3117 981 3196 sunt,
1014 3118 1050 3182 ut
1071 3116 1160 3182 libris
1183 3116 1321 3183 nondum
1349 3116 1389 3182 ad
1418 3116 1587 3200 pristinum
1610 3119 1765 3184 restitutis
1788 3118 1931 3198 nitorem,

219 3221 270 3287 cui
291 3221 338 3287 rei
360 3220 420 3286 riri
444 3220 529 3288 docti
551 3221 587 3287 T.
610 3220 782 3288 Ritschelio
804 3221 884 3288 duce
907 3240 1029 3288 summa
1052 3222 1218 3307 diligentia
1241 3241 1278 3289 ac
1301 3223 1474 3308 sagacitate
1499 3241 1625 3306 operam
1653 3224 1726 3292 dare
1757 3226 1933 3308 coeperunt,

218 3327 320 3394 omnis
352 3326 504 3394 eiusmodi
534 3327 674 3412 quaestio
704 3327 860 3394 claudicat
890 3330 985 3412 atque
1015 3328 1148 3413 quodam
1178 3328 1270 3395 modo
1302 3329 1429 3409 titubet,
1465 3331 1497 3396 st
1519 3331 1592 3414 quia
1614 3330 1755 3412 Plautus,
1791 3350 1852 3416 qua
1873 3330 1934 3396 fuit

217 3433 337 3518 ingenii
369 3436 402 3500 et
433 3433 575 3500 acumine
605 3436 638 3501 et
665 3433 809 3501 ubertate
843 3432 919 3500 adeo
948 3453 1002 3501 sno
1033 3434 1093 3501 sibi
1124 3435 1252 3502 consilio
1283 3453 1320 3502 ac
1350 3435 1465 3503 indicio
1492 3455 1565 3504 usna
1593 3438 1651 3518 est,
1686 3440 1722 3504 nt
1744 3455 1933 3522 magnopere

219 3539 389 3606 urendum
413 3539 467 3620 sit,
498 3559 537 3606 ne
560 3539 661 3606 aliena
684 3543 716 3607 at
739 3541 895 3607 contraria
919 3539 1155 3624 confundantur,
1188 3541 1215 3608 si
1238 3561 1274 3608 ex
1296 3541 1388 3610 huius
1411 3542 1530 3609 ratione
1553 3561 1696 3610 normam
1717 3543 1934 3628 rationemque

217 3645 357 3712 Terentii
383 3645 554 3730 ponderare
581 3649 675 3730 atque
701 3647 867 3714 aestimare
899 3648 956 3715 vie.
964 3649 989 3733 ¹)
1038 3647 1142 3714 Multo
1173 3648 1269 3715 etiam
1299 3649 1400 3734 magis
1431 3649 1562 3716 alteram
1590 3650 1678 3715 illam
1709 3650 1801 3730 riam
1837 3669 1931 3733 quarn

217 3752 346 3836 plurimi
369 3754 443 3818 sunt
464 3752 607 3836 ingressi,
630 3753 663 3818 in
686 3755 810 3820 vastum
833 3756 928 3838 atque
950 3755 1043 3820 inane
1065 3754 1177 3822 ducere
1199 3755 1356 3838 praefacta
1380 3755 1541 3836 contendo,
1566 3775 1637 3822 curn
1652 3773 1834 3839 persuasm
1852 3757 1932 3824 mihi

218 3857 261 3924 sit
283 3857 473 3938 Terentium,
496 3860 534 3925 nt
556 3878 575 3926 a
597 3859 699 3928 verbis
730 3857 919 3926 Graecorum
948 3861 998 3925 rix
1027 3861 1170 3927 recedere
1198 3879 1290 3926 ausus
1322 3861 1373 3940 sit,
1401 3860 1448 3926 ita
1479 3897 1521 3908 -
1553 3860 1683 3927 abiectis
1706 3861 1932 3930 difficilioribus

218 3965 337 4044 metris,
370 3965 479 4047 quibus
508 3963 715 4048 exprimendis
746 3965 826 4033 vires
856 3983 928 4032 suas
958 3985 1019 4033 non
1045 3965 1186 4033 sufficere
1208 3968 1274 4051 ipso
1297 3965 1425 4052 sensit⁹)
1455 4003 1497 4014 -
1527 3965 1561 4032 in
1590 3967 1729 4034 versibus
1759 3968 1932 4054 pangendis

218 4067 344 4135 illorum
367 4071 501 4154 vestigia
531 4072 685 4139 serviliter
715 4074 864 4158 pressisse
894 4075 987 4158 atque
1011 4073 1151 4141 servilius
1175 4073 1308 4158 quidem,
1340 4093 1432 4156 quarn
1458 4073 1622 4156 quisquam
1651 4074 1690 4140 ad
1719 4073 1779 4142 hoc
1809 4078 1933 4162 tempus

218 4174 474 4242 animadverterit
496 4179 551 4243 aut
573 4179 605 4244 in
628 4179 731 4245 lucem
753 4180 937 4264 provexerit.
973 4181 1083 4264 Itaque
1106 4181 1244 4247 Terentii
1266 4198 1372 4247 versus
1395 4199 1452 4246 nee
1475 4179 1552 4246 satis
1574 4179 1717 4266 intellegi
1739 4181 1932 4268 describique

217 4299 275 4348 nee
290 4281 394 4346 sanari
409 4301 500 4367 posse
514 4283 594 4349 mihi
608 4284 762 4367 ridentur,
787 4287 849 4354 nisi
864 4287 1105 4373 diligentissime
1119 4305 1192 4354 curn
1207 4285 1335 4354 Graecis
1350 4285 1558 4367 conferuntur,
1575 4287 1614 4354 ad
1630 4306 1760 4371 quorum
1775 4289 1933 4374 exemplar

217 4389 291 4455 sunt
306 4387 441 4454 conficti.
480 4387 547 4470 Qua
561 4392 717 4458 sonantia
733 4392 845 4460 ductus
862 4394 962 4460 denuo
983 4396 1138 4460 senarium
1154 4393 1376 4459 Terentianum
1395 4392 1453 4458 sub
1473 4411 1598 4460 censam
1618 4411 1728 4462 vocare
1745 4415 1806 4462 non
1821 4395 1933 4463 inutile

217 4495 451 4574 existimabam
467 4495 609 4577 quaestio
632 4499 738 4564 antam
756 4497 825 4584 ipsa
848 4499 1041 4566 instituenda
1063 4498 1226 4564 ridebatur
1248 4498 1304 4580 ita,
1325 4499 1361 4563 ut
1383 4497 1547 4566 Menandri
1569 4503 1802 4586 ceterorumque
1824 4520 1930 4584 norae,

217 4621 295 4686 quae
310 4601 404 4686 vulgo
424 4603 562 4683 vocatur,
587 4602 763 4670 comoediae
786 4603 902 4671 atticae
931 4606 1093 4671 anctorum
1123 4605 1300 4688 fragmenta
1330 4603 1370 4672 ad
1400 4607 1662 4690 comparationem
1692 4611 1929 4676 arcesserentur.

218 4705 286 4789 Qua
307 4707 359 4774 ria
381 4707 457 4792 quid
479 4707 560 4776 affici
581 4709 690 4794 possit,
713 4712 750 4776 ut
774 4709 947 4792 ostendam,
971 4711 1083 4779 ceteris
1106 4711 1344 4796 quaestionibus
1365 4713 1399 4778 in
1420 4732 1565 4798 praesens
1588 4715 1710 4782 omisns
1733 4715 1810 4782 satis
1832 4715 1931 4784 habeo

215 4812 250 4880 in
273 4831 417 4881 caesnas
440 4814 645 4882 Terentianae
667 4817 821 4884 rationem
843 4819 876 4883 et
898 4835 989 4883 usum
1010 4819 1155 4886 amurata
1177 4818 1342 4902 inquirere.

328 4988 348 5060 ι)
368 4988 510 5048 Similiter
528 4990 644 5048 censuit
662 4989 806 5048 Conradt:
823 4991 879 5050 Die
897 4991 1058 5050 matrischa
1075 4991 1285 5066 Kamposition
1310 4993 1362 5052 des
1380 4993 1493 5054 rerem
1511 4995 1589 5055 Bari.
1609 5003 1653 5066 ta,
1670 4999 1763 5070 praef.
1781 5018 1810 5074 p.
1828 5000 1884 5056 111.

328 5057 465 5166 §.Rara
481 5077 529 5118 ms
547 5061 666 5133 qnidam
683 5061 781 5148 iudice
799 5061 838 5118 ad
854 5062 1000 5136 principia
1022 5063 1167 5191 ‹graadm
1190 5066 1271 5122 elata
1293 5071 1326 5120 at
1346 5083 1383 5123 us
1405 5066 1562 5138 ingeniosa
1584 5073 1738 5140 spectasse
1756 5089 1825 5132 eum
1842 5071 1931 5130 docet

220 5131 364 5188 Conradt.
382 5131 419 5189 ds
436 5147 577 5190 ramnum
594 5133 840 5192 Terantrunomm
858 5140 1012 5192 structura
1055 5136 1125 5193 erol.
1142 5135 1276 5193 MDCCC
1364 5155 1462 5234 ²9⁸⁸:
1477 5145 1503 5200 d.
