4590 5828
1142 361 1308 426 ..11-

1200 537 1267 614 Α.

854 692 906 760 lle
938 695 1166 763 comicorum
1200 695 1402 764 atticorum
1432 713 1597 764 caesma.

1032 820 1062 886 1.
1087 819 1130 886 ile
1154 821 1294 888 caesnia
1321 821 1409 904 ipris.

473 977 745 1044 Perscrutantibus
768 977 874 1042 autem
895 977 984 1044 nohis
1008 979 1145 1045 comicae
1166 997 1291 1062 poeseos
1306 978 1423 1045 atticae
1437 979 1595 1062 reliquias,
1621 983 1773 1065 quantum
1789 981 1945 1048 Theodori
1960 981 2083 1066 Koch)

368 1083 461 1150 opera
482 1065 522 1132 ad
545 1065 741 1150 corrigendas
760 1065 932 1150 scripturae
955 1065 1190 1149 depravationes
1213 1069 1307 1151 atque
1330 1067 1370 1134 ad
1399 1069 1575 1153 augean
1605 1069 1851 1154 fragmentorum
1880 1070 2083 1136 collectorum

367 1155 489 1239 copiam
511 1156 583 1238 post
604 1153 742 1237 Augusti
763 1153 907 1220 Meiuelre
929 1155 1169 1240 castigationem
1190 1155 1373 1234 contulerit,
1408 1157 1441 1221 in
1472 1155 1537 1223 dies
1567 1158 1670 1242 magis
1700 1161 1840 1242 apparet,
1874 1162 1911 1225 ut
1945 1159 1985 1225 ob
2012 1177 2083 1225 sam

366 1242 431 1310 iam
454 1262 580 1310 causam
603 1241 795 1308 Philemonis
817 1241 998 1327 Diphilique
1020 1243 1197 1328 fragmenta
1220 1263 1239 1308 a
1260 1243 1425 1310 Menandri
1447 1244 1663 1329 disquisitione
1689 1247 1885 1332 segreganda
1907 1247 2083 1314 videantur.

368 1331 469 1413 Quare
491 1331 565 1410 iam,
591 1349 669 1416 quae
691 1329 850 1396 incidendi
871 1331 952 1397 ratio
974 1332 1014 1398 ab
1037 1332 1100 1398 illis
1123 1332 1240 1400 dnobus
1262 1333 1363 1417 poetis
1386 1333 1549 1400 observata
1572 1336 1624 1414 sit,
1649 1339 1828 1419 exponatur.
2013 1331 2018 1340 ’

474 1419 577 1502 Atque
593 1438 630 1486 er
644 1419 755 1485 horum
775 1419 914 1503 reliquiis
937 1421 1087 1505 nongenti
1106 1420 1243 1488 trimetri
1261 1421 1431 1487 secundum
1449 1422 1629 1504 editionem,
1653 1443 1747 1506 quam
1763 1423 1856 1491 modo
1876 1423 2082 1504 laudavimus,

367 1507 549 1592 perlustrati
571 1508 652 1574 hanc
674 1507 735 1576 sihi
764 1507 868 1594 legem
897 1510 1005 1591 poetes
1035 1509 1218 1594 imposuisse
1249 1509 1444 1590 confirmant,
1479 1529 1518 1576 ne
1550 1511 1631 1578 ullus
1664 1511 1788 1580 omniuo
1818 1531 1924 1579 versus
1956 1531 2084 1578 caesura

368 1596 537 1664 destitutus
560 1596 795 1752 οῗὲοἱιιοοοιυη
819 1616 892 1663 uam
915 1617 952 1664 ex
975 1599 1066 1664 tanta
1088 1598 1177 1682 copia
1199 1617 1261 1664 uon
1285 1598 1418 1682 amplius
1441 1600 1505 1665 tres
1529 1599 1666 1666 trimetri
1689 1601 1756 1666 siue
1777 1601 1863 1667 insta
1885 1620 1922 1666 ac
1936 1601 2081 1686 legitima

367 1685 517 1752 incisione
538 1685 589 1752 inc
628 1691 703 1752 unt:
1733 1703 1738 1714 ·

391 1791 422 1860 1.
445 1791 578 1858 Philam.
602 1792 663 1876 frg.
688 1791 756 1873 96,ο
782 1789 1026 1880 ὅδονωμένοος,
1048 1797 1115 1863 τῶν
1135 1797 1310 1862 πλουσίων
1332 1795 1370 1861 δὲ
1390 1819 1450 1861 τον
1470 1801 1548 1881 βίον

527 1881 653 1947 Etenim
676 1880 737 1962 hic,
762 1901 841 1965 quae
861 1883 967 1949 adesse
983 1882 1114 1962 videtur,
1139 1883 1360 1966 semiquinaria
1383 1899 1443 1946 non
1467 1885 1565 1960 adest,
1589 1883 1742 1966 siquidem
1766 1883 1806 1949 ad
1822 1903 1982 1950 caesuram
1996 1901 2081 1949 mere

445 1969 655 2052 rhythmicam
679 1969 903 2038 conficiendam
926 1990 988 2036 non
1011 1970 1069 2036 hoc
1091 1969 1182 2037 illove
1204 1971 1353 2036 caedendi
1373 1971 1440 2035 loco
1470 1991 1576 2038 vocem
1605 1971 1742 2054 aliquam
1764 1971 1927 2038 terminari
1954 1971 2080 2052 sufficit,

444 2058 498 2125 sed
525 2058 660 2141 graviori
687 2057 821 2140 quadam
851 2078 949 2143 pausa
979 2060 1062 2124 iuter
1090 2057 1231 2143 singulas
1260 2077 1367 2125 versus
1397 2061 1502 2140 partes
1528 2060 1741 2126 intercedente
1762 2061 1904 2144 rhythmi
1927 2059 2081 2125 defluxum

444 2151 512 2212 arte
527 2147 712 2229 interrumpi
726 2165 851 2214 necesse
866 2147 957 2233 est,“)
980 2149 1087 2213 contra
1102 2166 1196 2230 quam
1210 2146 1324 2231 legem,
1348 2149 1402 2230 qui
1418 2148 1668 2216 rdaarticulum
1690 2148 1850 2215 anomine
1864 2168 1920 2215 suc
1936 2167 2080 2215 caesurae

444 2234 547 2319 gretia
570 2235 724 2318 seiungat,
747 2235 866 2302 temere
886 2237 1005 2319 peccet.
1039 2234 1100 2302 Sed
1121 2236 1203 2302 iufra
1226 2235 1265 2301 ad
1287 2235 1369 2302 hanc
1391 2256 1458 2305 rem
1480 2236 1696 2304 revertendmn
1719 2238 1778 2304 est.

389 2321 421 2390 2.
445 2361 487 2370 -
517 2359 559 2371 -
585 2323 688 2402 naa.
723 2319 766 2404 ὥς
788 2321 912 2414 εὐφυὲς
933 2328 1019 2406 ζῶον
1048 2328 1196 2413 κοχλίας,
1225 2326 1266 2416 νὴ
1287 2327 1348 2394 τὸν
1368 2335 1432 2396 Δία
2011 2403 2014 2408 Δ

446 2410 507 2478 nisi
536 2411 615 2478 forte
646 2411 714 2494 quis
743 2411 813 2494 hac,
849 2433 942 2498 quam
971 2414 1062 2481 modo
1094 2415 1268 2496 attulimus,
1301 2435 1394 2483 causa
1426 2413 1570 2500 neglecta
1601 2415 1672 2499 post
1702 2418 1789 2494 ζῶον
1819 2433 1946 2480 caesura
1979 2413 2082 2479 media

446 2519 568 2566 versum
591 2500 710 2567 iudicat
731 2500 875 2568 incisum.

389 2587 421 2656 3.
446 2589 539 2672 Diph.
564 2588 646 2667 64,ι.
685 2591 722 2658 τὸ
747 2593 946 2680 δειπνάριον
967 2587 1123 2682 ἀνθηρὸν
1145 2585 1196 2680 ἢν,
1219 2593 1396 2680 γλαφυρὸν
1418 2595 1555 2682 σφόδρα

527 2678 643 2744 Verrem
666 2698 863 2772 numerorum
885 2681 965 2746 ratio
989 2676 1023 2767 [3
1037 2705 1044 2748 :
1057 2677 1146 2768 900}
1170 2681 1279 2746 sinon
1304 2681 1372 2764 ipsa
1395 2680 1587 2765 corruptelae
1609 2679 1760 2746 indicium
1783 2679 1893 2746 haberi
1915 2679 2017 2758 dehet,
2045 2681 2082 2745 at

445 2767 528 2832 certe
551 2768 782 2851 angustissimis
804 2767 918 2835 finibus
940 2768 1021 2836 hanc
1044 2769 1204 2836 licentiam
1227 2789 1294 2835 esse
1316 2770 1469 2835 inclusam
1493 2769 1640 2836 ostendit,

473 2854 598 2938 Reliqui
621 2857 725 2923 autem
748 2857 885 2924 trimetri
908 2857 948 2922 ad
970 2877 1066 2924 unum
1085 2877 1190 2926 omnes
1214 2860 1287 2924 sunt
1309 2857 1401 2924 incisi

607 2945 662 3010 aut
684 2944 904 3029 semiquinaria
962 2995 1473 3013 ..........
1521 2943 1587 3012 470

607 3034 663 3100 aut
684 3033 937 3117 semiseptenaria
965 3083 1475 3101 ..........
1522 3033 1587 3101 393
1609 3039 1646 3095 ÷
1670 3032 1713 3102 10
1735 3033 1805 3099 ride
1828 3033 1928 3099 inira!

607 3124 663 3187 aut
685 3122 789 3188 media
810 3121 852 3203 id,
873 3125 921 3188 est
935 3124 1008 3208 post
1024 3121 1153 3189 tertium
1168 3122 1279 3205 pedem
1298 3123 1477 3190 ahsolutum
1544 3121 1598 3200 24,

367 3211 450 3278 unde
476 3211 673 3294 perspicuum
703 3214 751 3278 est
780 3212 1031 3296 semiquinariam
1055 3211 1114 3292 vel,
1136 3214 1173 3277 ut
1201 3209 1427 3278 cumGraecis
1456 3211 1575 3293 loquar,
1606 3213 1844 3314 πεοθημιμορῆ
1872 3209 1984 3277 ceteris
2013 3229 2081 3276 esse

367 3300 550 3384 praelatam,
585 3300 757 3383 proximam
792 3299 897 3367 sedem
928 3299 1054 3366 concedi
1094 3299 1366 3385 semiseptenariae
1395 3299 1446 3366 vel
1476 3318 1569 3382 quam
1595 3300 1795 3384 grammatici
1834 3299 1940 3383 gaeci
1967 3302 2081 3366 vocant

370 3385 601 3545 {tillidi
632 3388 1398 3545 titteristrtrttttsrtrt
1416 3385 2081 3544 mithtttthhhtffitt

368 3565 440 3630 illas
465 3496 713 3632 aldeamasphaud
735 3583 805 3631 raro
829 3583 895 3632 esse
919 3566 1099 3632 coniunctas
1121 3567 1144 3631 i.
1160 3585 1187 3633 e.
1211 3497 1501 3632 tortiumqtri’mgtri
1523 3495 1730 3649 qffrartumque
1744 3565 1855 3648 pedem
1875 3495 2081 3631 simulpincidi

368 3653 495 3720 silentio
518 3655 757 3738 praetereamus,
792 3655 976 3736 praesertim
1005 3673 1076 3720 cum
1108 3673 1327 3737 nonnunquam
1349 3654 1382 3719 id
1404 3653 1451 3720 ita
1473 3673 1507 3720 ee
1529 3653 1653 3733 haheat,
1683 3656 1729 3732 ut,
1759 3654 1824 3720 utri
1854 3652 1993 3737 palmam
2016 3652 2080 3732 das,

370 3742 497 3809 difficile
526 3743 568 3810 sit
597 3743 637 3810 ad
667 3741 910 3808 diiudicandum.
962 3742 1064 3826 Atque
1096 3760 1177 3822 oum,
1213 3741 1287 3825 quid
1318 3741 1355 3808 de
1385 3742 1524 3808 versibus
1553 3742 1701 3809 incisione
1731 3741 1837 3826 aliqua
1867 3742 1901 3806 in
1929 3740 2081 3825 tripodias

371 3831 460 3897 binas
491 3831 597 3898 divisis
625 3832 724 3898 statui
754 3829 867 3898 debeat
898 3833 929 3897 et
961 3834 1112 3915 quatenus
1143 3849 1287 3898 caesurae
1310 3830 1431 3897 mediae
1454 3850 1527 3897 usus
1551 3832 1715 3915 pertineat,
1751 3849 1873 3896 summa
1894 3829 1978 3896 inter
2000 3830 2081 3895 viros

371 3919 478 3986 doctos
501 3922 533 3986 et
555 3919 649 3987 merit
672 3923 704 3987 ct
726 3921 769 3986 sit
799 3919 954 3986 dubitatio
986 3921 1080 4005 atque
1108 3921 1157 4000 lis,
1189 3920 1238 3987 cui
1261 3918 1452 3986 dirimendae
1475 3939 1511 3984 ex
1534 3938 1590 3986 suo
1614 3939 1704 3986 seusu
1729 3919 1918 4003 arbitrioque
1941 3917 1996 3984 alii
2019 3917 2082 3984 alia

369 4011 604 4163 Ξὲιέροοέιθοηιοι,
638 4009 701 4076 iam
730 4012 776 4089 ut,
815 4027 875 4162 οἷοι
897 4009 1019 4074 ratione
1041 4008 1184 4162 tarilano
1207 4007 1412 4160 {iphitusque
1434 4008 1484 4073 usi
1506 4007 1580 4087 sint,
1605 4010 1820 4092 cognoscatur,
1843 4006 1912 4090 ipsa
1944 4005 2083 4091 exempla

427 4115 473 4163 cn
511 4115 545 4163 re
568 4115 604 4164 ac
649 4115 756 4164 ansere
778 4115 834 4162 nos
850 4115 920 4161 rum
943 4114 1010 4162 esse
1032 4115 1063 4162 ιι
1086 4116 1164 4162 eur.
1316 4121 1323 4161 z

392 4184 424 4253 1.
447 4183 580 4252 Philam.
603 4117 663 4270 tr}
687 4183 756 4266 23,ο
781 4186 848 4254 οἴει
868 4212 901 4256 τι
922 4189 990 4256 τῶν
1012 4182 1134 4255 ἄλλων
1152 4187 1159 4276 Ι
1180 4115 1359 4274 truffas
1380 4191 1514 4274 θηρίων

390 4272 423 4341 2.
459 4307 501 4324 -
529 4309 571 4322 -
706 4275 753 4354 4‚e
780 4296 803 4342 σ
823 4277 1107 4364 ’σαιπριάμενόν
1121 4301 1175 4345 τοι
1194 4276 1201 4365 Ι
1222 4285 1383 4362 γυναῖκας
1397 4275 1608 4355 sartonam

532 4361 581 4428 No
598 4362 771 4429 reluctante
783 4383 836 4430 ver
857 4383 944 4432 orum
960 4383 1098 4431 connexu
1113 4363 1334 4449 semiquinaria
1348 4383 1471 4432 versum
1488 4363 1585 4432 incidi
1601 4362 1780 4441 credideris,
1804 4380 1877 4428 cnm
1891 4363 2082 4450 πριάμενον

447 4469 611 4520 warocus
636 4454 672 4517 ut
695 4453 765 4518 arta
784 4451 986 4521 inclinatione
1009 4454 1243 4538 conglutinatae
1265 4472 1364 4536 neque
1386 4453 1426 4518 ab
1449 4453 1598 4520 histrione
1622 4453 1714 4519 aliter
1737 4453 1831 4534 atque
1854 4451 1890 4516 ut
1908 4449 2082 4518 sententiae

448 4543 687 4607 consentaneum
711 4542 758 4606 est
780 4543 979 4624 pronunciari
1000 4544 1130 4627 possint.
1176 4543 1265 4610 Idem
1289 4544 1412 4626 spectet
1435 4541 1475 4608 ad
1497 4545 1678 4625 sequentem
1701 4540 1821 4605 locum:

440 4714 498 4844 ω’)
518 4715 704 4773 Comiccrum
722 4715 1078 4800 Atticorumtragmenta
1096 4717 1139 4773 ed
1162 4717 1218 4774 nh.
1235 4717 1334 4785 chlr3
1348 4715 1468 4800 Lipsiae
1485 4714 1736 4800 moechm
1758 4711 1817 4772 vol.
1838 4713 2084 4798 1l.pg.478⁵q.r

368 4789 428 4846 vol.
500 4803 527 4846 ι.
538 4785 837 4844 Moccoxxxvm
855 4787 969 4844 adetum
986 4803 1059 4843 casu
1075 4804 1135 4845 non
1153 4793 1260 4844 nactus
1278 4803 1346 4844 sum
1362 4803 1421 4842 nisu
1439 4785 1545 4843 abhmc
1563 4787 1637 4844 dnos
1654 4803 1772 4846 menses
1790 4801 1950 4842 maxumam
1967 4789 2087 4858 partem

372 4859 433 4916 iarn
450 4856 585 4932 perlecta
600 4859 658 4914 hac
676 4857 894 4916 dhssrtatione.

479 4928 498 5002 ¹)
516 4927 608 5014 Facio
625 4928 718 5012 igitur
735 4928 767 4985 in
785 4945 909 4986 caesura
927 4927 1089 5012 statnmrdu
1110 4943 1178 4983 cum
1195 4925 1240 4994 iis,
1259 4943 1335 5010 qnae
1349 4925 1525 5010 simpliciter
1540 4926 1899 5012 ideoque-accommodate
1913 4924 1952 4982 ad
1961 4941 2086 5054 Barana-

370 4999 499 5058 dandum
525 4998 667 5056 disseruit
692 4999 835 5058 Albsrtus
858 4997 1005 5056 Schmidt:
1035 4998 1081 5056 De
1104 5015 1224 5055 mesura
1253 4997 1352 5056 medua
1378 5013 1410 5054 m
1436 4996 1618 5056 Graecorum
1636 5003 1777 5056 trimetro
1804 4997 1938 5066 sambuco,
1988 5013 2088 5054 cunae

374 5068 593 5130 nocuum
609 5087 638 5144 p.
656 5079 682 5133 d.
