4590 5828
875 439 913 454 -
937 405 1073 474 xxvn
1095 441 1136 455 -

251 617 420 684 Terentius
442 617 538 699 igitur
560 634 600 682 ea
617 633 653 680 re
671 633 747 680 curn
765 613 954 680 comoediae
976 631 1115 696 graecam
1132 633 1193 680 usu
1216 612 1373 694 congruit,
1391 613 1479 696 quod
1496 632 1730 697 nonnunquam
1748 614 1872 698 primae
1900 659 1903 664 ·

158 711 219 772 aut
241 707 372 772 ultimae
394 725 507 771 versus
539 705 688 788 dipodiae
711 703 924 786 diremptione
955 703 1119 768 senarium
1140 701 1320 768 secundum
1349 705 1462 782 metra,
1484 721 1551 768 non
1582 701 1682 786 pedes
1714 703 1871 787 disponit;

157 814 315 860 numerus
336 800 448 860 autem
465 795 613 860 locorum
634 793 740 856 minor
762 797 821 872 eet,
844 810 943 875 quarn
965 796 1002 858 ut
1023 810 1097 857 eam
1119 790 1308 858 incisionem
1330 795 1445 871 putare
1467 809 1581 858 veram
1603 809 1772 857 caesuram
1794 811 1872 876 pos·

158 884 277 964 simus;
301 884 409 963 immo,
432 882 674 966 quodquidam
696 881 811 946 attinet
833 879 876 947 ad
898 879 1201 963 prioremiormam
1224 877 1428 962 probandum
1451 885 1500 944 est
1532 878 1564 945 id
1586 879 1675 962 quod
1707 881 1873 948 contendit

158 968 355 1038 Buchholz⁶¹
377 977 410 1037 et
433 967 569 1037 Christ*
590 971 623 1035 in
646 970 759 1052 paucis
789 967 935 1036 versibus
966 969 1109 1051 legitima
1148 985 1285 1034 caesura
1307 967 1467 1033 destitutis
1497 968 1686 1034 incisionem
1717 969 1873 1036 vicariam

159 1067 236 1145 poet
258 1061 397 1126 alterum
418 1061 536 1144 pedem
567 1058 752 1125 absolutum
782 1057 937 1142 imprimis
959 1056 1089 1137 iactam,
1129 1076 1205 1122 curn
1227 1057 1290 1120 alia
1321 1074 1462 1139 persona
1492 1056 1654 1123 inducitur
1674 1058 1707 1123 in
1730 1077 1872 1141 scenam,

159 1169 259 1216 verae
283 1167 438 1215 caesurae
461 1147 643 1214 absentiam
664 1145 817 1228 obtegere
835 1152 869 1212 et
890 1146 1032 1230 rhythmi
1055 1146 1236 1228 praeceptis
1259 1150 1417 1228 quantum
1439 1150 1547 1228 potest
1568 1145 1766 1216 satisfacere.

252 1236 336 1318 Quid
358 1257 436 1303 vero
460 1237 501 1302 de
524 1237 654 1316 cretica,
685 1241 721 1300 ut
754 1235 819 1301 hoc
840 1235 941 1301 verbo
974 1241 1056 1315 utar,
1088 1253 1224 1300 caesura
1247 1233 1451 1299 iudicemus?
1497 1231 1621 1300 Comici
1652 1233 1767 1301 Graeci
1794 1237 1872 1306 satis

162 1346 239 1392 raro
262 1345 337 1392 eam
358 1326 419 1392 sihi
441 1327 656 1410 permiserunt
682 1330 779 1407 atque
802 1342 930 1406 semper
948 1359 992 1370 --
1010 1324 1113 1389 tribus
1134 1324 1213 1389 locis
1237 1323 1379 1405 exceptis
1410 1323 1483 1388 vide
1506 1329 1615 1389 annot.
1638 1321 1682 1388 47
1705 1330 1738 1389 et
1760 1323 1804 1390 48
1827 1359 1872 1372 -

162 1418 217 1496 ita,
240 1421 277 1480 ut
294 1417 394 1481 ceteri
415 1415 516 1498 pedes
537 1414 669 1496 integris
691 1412 858 1478 vocabulis
880 1412 1104 1495 compleantur
1135 1416 1192 1477 aut
1213 1429 1329 1476 sensus
1355 1429 1525 1478 caesuram
1546 1413 1645 1479 statm
1666 1419 1762 1480 vetet
1807 1413 1872 1479 lta-

162 1523 227 1588 que
250 1504 445 1584 Terentium,
467 1523 543 1569 cum
564 1521 677 1568 versus
698 1500 748 1567 bis
778 1499 825 1586 (et
847 1507 923 1566 ante
944 1501 1093 1566 ultinrum
1115 1501 1271 1566 creticum
1293 1506 1326 1565 et
1349 1506 1424 1582 post
1445 1500 1581 1566 alteram
1612 1519 1670 1566 seu
1693 1503 1791 1568 arsim
1813 1521 1872 1570 seu

162 1589 293 1676 thesim)
311 1592 429 1658 inchoa
451 1592 554 1657 multo
572 1591 701 1673 saepius
723 1589 907 1657 adhibuerit
928 1609 1028 1674 quam
1051 1587 1175 1669 Graeci,
1207 1589 1250 1654 ad
1272 1607 1356 1673 quos
1378 1590 1411 1654 in
1434 1607 1589 1656 caesurae
1611 1590 1736 1672 lep'hus
1758 1590 1871 1660 obser·

163 1681 277 1746 randis
299 1682 446 1747 sollerter
467 1700 503 1746 se
525 1680 688 1763 applicuit,
710 1679 789 1744 nihil
811 1678 900 1744 aliud
920 1684 1095 1760 spectasse,
1117 1679 1151 1744 ni
1173 1677 1276 1758 lallor,
1298 1679 1478 1760 putandum
1500 1684 1559 1760 est,
1582 1696 1681 1762 quam
1700 1685 1737 1746 ut
1753 1680 1872 1748 senari

162 1789 229 1837 non
250 1771 392 1853 legitima
409 1788 546 1837 caesura
568 1767 713 1851 dispositi
730 1772 806 1834 ante
829 1767 976 1832 numum
998 1768 1153 1834 creticum
1175 1767 1291 1832 saltem
1307 1767 1534 1848 inciderentur,
1552 1786 1636 1852 quae
1654 1769 1766 1834 incisio
1784 1769 1873 1852 apud

163 1877 238 1924 eum
261 1865 376 1924 conha
398 1856 599 1925 Graecorum
621 1857 805 1939 exemplum
826 1856 966 1922 eundem
988 1855 1151 1937 dignitatis
1183 1856 1291 1922 locum
1313 1855 1447 1936 obtinet,
1469 1873 1567 1939 quem
1589 1875 1726 1922 caesura
1746 1858 1872 1939 media;

166 1955 291 2014 ceteras
313 1967 392 2014 vero
416 1947 561 2013 eiusdem
582 1963 695 2011 versus
717 1945 888 2010 incisiones
911 1945 1000 2010 casui
1031 1944 1197 2026 reliquisse
1219 1944 1354 2009 videtur.
1400 1941 1465 2010 Sed
1497 1945 1644 2028 mamais
1670 1945 1750 2010 mihi
1781 1965 1872 2013 com·

164 2037 332 2120 paratione
355 2036 496 2102 Terentii
518 2032 782 2116 Graecommque
804 2051 995 2116 persuasum
1026 2035 1068 2097 sit
1103 2033 1164 2099 has
1195 2031 1340 2100 licentias
1372 2050 1501 2116 quoque
1538 2039 1669 2115 poetam
1699 2053 1874 2100 romanum

164 2126 224 2190 illis
247 2124 366 2190 debere
389 2131 422 2190 et
443 2125 539 2190 valde
561 2141 670 2212 errare
701 2141 778 2188 eum
800 2123 855 2203 qui
877 2129 990 2188 omnes
1021 2123 1166 2188 senarios
1196 2139 1263 2187 non
1285 2122 1346 2187 nisi
1377 2123 1499 2188 vicaria
1529 2123 1686 2188 eiusmodi
1717 2123 1872 2190 incisione

164 2232 278 2279 caesos
295 2213 498 2279 librariorum
519 2212 663 2278 incuriae
694 2217 751 2277 aut
772 2211 951 2277 recentium
974 2217 1195 2276 correctorum
1217 2210 1380 2278 erroribus
1402 2211 1532 2292 tributu,
1554 2215 1664 2278 tamen
1686 2230 1753 2277 non
1786 2230 1871 2296 nego

163 2301 252 2367 haud
273 2321 366 2368 raros
389 2321 501 2368 eorum
524 2321 676 2367 versuum
698 2318 773 2365 cum
795 2301 865 2366 aliis
887 2301 970 2364 vitiis
992 2306 1062 2366 tum
1084 2305 1278 2366 accentuum
1299 2300 1437 2366 molesta
1468 2300 1681 2367 collocatione
1701 2306 1872 2384 suspectos

163 2407 243 2472 esse,
266 2398 302 2456 ut
324 2391 452 2456 levioris
473 2389 629 2456 momenti
651 2390 715 2454 sint
737 2395 770 2454 et
792 2388 835 2453 ad
853 2388 1080 2472 corrigendum
1102 2389 1245 2454 invitent
1289 2388 1383 2454 Nunc
1406 2388 1550 2455 dicamus

686 2543 727 2612 11
758 2545 803 2610 de
830 2543 985 2627 pedum
1016 2543 1332 2612 solutionibus.

249 2653 388 2719 Maxime
409 2653 540 2737 quidem
558 2653 701 2719 condcos
723 2669 877 2718 mmanos
899 2651 1065 2718 deflexisse
1087 2672 1109 2717 a
1130 2653 1255 2735 graecis
1277 2653 1310 2718 in
1328 2651 1464 2734 pedihus
1478 2651 1640 2718 solvendis
1657 2652 1741 2719 inter
1759 2669 1872 2720 omnes

163 2748 307 2822 constat3
330 2761 437 2826 neque
459 2748 569 2807 mmen
592 2746 747 2807 accurata
769 2741 866 2806 huius
888 2741 935 2806 rei
958 2742 1148 2824 quaestione
1170 2741 1381 2824 supersedere
1403 2739 1446 2806 ah
1470 2741 1578 2806 animo
1600 2759 1675 2806 meo
1697 2740 1871 2824 impetrare

161 2849 303 2913 possmn.
337 2831 444 2915 Atque
455 2837 491 2896 ut
504 2831 609 2913 primo
623 2832 696 2897 loco
719 2829 752 2896 in
765 2847 920 2896 caesurae
933 2831 1117 2912 principalis
1134 2830 1243 2896 sedem
1253 2835 1381 2912 -poet
1398 2831 1527 2896 tertiam
1541 2829 1639 2896 araim
1650 2830 1871 2914 -inquiram,

158 2921 226 2984 iam
248 2920 308 3002 ipsi
339 2921 465 2986 numeri
496 2920 580 2985 inter
602 2937 638 2984 se
667 2918 855 3002 comparati,
878 2924 1001 3002 quanto
1024 2918 1218 2984 Terentiana
1251 2937 1305 2984 ars
1326 2918 1546 3000 neglegentior
1576 2917 1681 2999 fuerit,
1712 2919 1871 3002 quodam

158 3008 258 3073 modo
281 3027 400 3090 magna
416 3027 498 3074 voce
522 3008 671 3074 clamant
717 3007 753 3073 ln
774 3007 916 3074 Terentii
938 3009 1024 3073 enim
1046 3005 1135 3074 3305
1157 3007 1292 3074 onmis
1314 3026 1380 3073 non
1403 3009 1508 3074 minus
1526 3005 1593 3074 905
1615 3006 1792 3074 solutiones
1814 3026 1871 3073 ex·

159 3102 256 3176 stant
278 3104 314 3161 ut
338 3097 404 3162 lere
426 3098 540 3162 tertius
563 3097 699 3180 quisque
721 3115 835 3162 versus
857 3096 940 3178 pede
958 3097 1053 3163 tertio
1076 3097 1183 3163 soluto
1205 3096 1345 3177 incedat,
1367 3115 1443 3161 curn
1465 3096 1553 3179 apud
1576 3094 1719 3162 Graecos
1741 3096 1775 3162 in
1796 3114 1871 3164 sex-

158 3189 229 3249 tum
251 3201 413 3268 quemque
435 3203 567 3250 versum
589 3185 779 3251 solutionem
805 3186 920 3252 tertiae
954 3203 1012 3251 seu
1034 3187 1116 3252 arsis
1138 3204 1196 3251 seu
1217 3185 1319 3250 thesis
1351 3185 1469 3250 cadere
1501 3203 1542 3251 ex
1573 3184 1621 3266 iis,
1657 3202 1742 3268 quae
1773 3204 1873 3267 supra

158 3274 307 3355 exposita
328 3279 413 3353 sunt,
436 3280 601 3357 appareat
648 3273 769 3339 Tamen
791 3273 845 3338 hic
867 3276 971 3339 minus
994 3273 1036 3340 ab
1059 3275 1119 3342 illis
1142 3274 1257 3354 diflert,
1284 3275 1418 3356 siquae
1441 3274 1533 3355 pedis
1564 3293 1641 3356 pars
1672 3274 1872 3356 potissimum

158 3363 326 3428 solutionis
358 3364 521 3446 particeps
543 3363 593 3442 sit,
626 3362 799 3445 quaeritur.
846 3361 926 3428 Nam
957 3382 998 3429 ex
1020 3363 1081 3428 illis
1103 3362 1170 3431 905
1201 3363 1413 3428 solutionibus
1437 3361 1502 3428 787
1535 3361 1618 3428 thesi
1649 3363 1764 3428 tertiae
1796 3368 1873 3428 sunt

158 3469 336 3517 concessae
360 3458 474 3518 contra
497 3468 580 3535 quos
605 3451 668 3518 118
691 3456 795 3532 stant·
811 3467 896 3534 quae
918 3453 999 3516 arsis
1021 3451 1129 3518 sedern
1152 3451 1212 3518 sibi
1235 3457 1420 3518 autumant:

675 3541 694 3605 i.
713 3560 740 3606 e.
789 3542 806 3603 1
832 3559 839 3604 :
863 3538 885 3603 9
907 3539 995 3624 apud
1018 3540 1212 3622 Terentium,

788 3630 839 3694 1:
862 3625 883 3693 8
907 3630 995 3711 apud
1018 3627 1171 3712 Graecos,
1194 3636 1230 3696 ut
1252 3628 1396 3694 vidinms.

248 3715 287 3779 Et
308 3719 345 3780 ut
366 3721 514 3780 naturam
538 3715 732 3781 solutionum
756 3734 945 3799 cognoscas,
976 3720 1040 3786 iarn
1063 3719 1209 3802 exempla
1238 3719 1364 3784 solutae
1387 3717 1469 3782 arsis
1491 3717 1606 3782 tertim
1640 3722 1869 3797 congerantur.

156 3803 224 3868 her
246 3803 309 3884 illa,
333 3821 398 3886 qua
416 3802 603 3888 hisyllabam
628 3804 696 3870 lieri
711 3806 808 3871 araim
830 3807 936 3886 liceat,
958 3808 986 3872 si
1008 3807 1105 3873 tertio
1127 3807 1211 3889 pede
1235 3826 1274 3873 ac
1292 3807 1440 3888 sequenti
1463 3803 1587 3888 syllaba
1602 3820 1668 3870 una
1684 3821 1766 3870 voce
1782 3822 1872 3870 com-

157 3893 251 3975 pletis
273 3893 527 3974 simiseptenaria
549 3911 686 3958 caesura
707 3913 820 3960 versus
843 3895 997 3978 caeditur,
1020 3900 1150 3962 servata
1171 3903 1240 3964 est:

202 3997 284 4064 And.
294 4019 323 4063 a.
335 3997 378 4064 79
401 4000 527 4082 accepit
549 3999 774 4066 condicionem
796 3995 804 4088 Ι

204 4125 245 4134 -
291 4087 336 4152 84
358 4088 524 4153 venientes
545 4095 603 4154 eut
625 4089 782 4155 abeumes
805 4085 812 4177 Ι

204 4213 246 4223 -
293 4175 338 4242 90
360 4175 569 4258 quaerebam:
593 4178 833 4260 comperiebam
855 4173 863 4266 1

204 4303 246 4312 —
273 4263 336 4330 109
359 4282 593 4346 nonnunquam
615 4267 880 4332 conlacrumabat
903 4261 910 4353 Ι

204 4391 246 4401 -
271 4352 334 4419 281
358 4371 471 4419 verum
494 4354 559 4419 hoc
580 4355 648 4420 scio
671 4354 757 4420 hanc
778 4357 927 4422 meritam
950 4373 1021 4421 esse
1044 4351 1052 4441 Ι

204 4481 246 4490 -
272 4441 336 4509 735
358 4443 469 4508 venire
487 4461 539 4508 me
561 4443 763 4510 adsimulabo
784 4441 791 4530 Ι

205 4533 283 4598 Ειιιι.
306 4531 350 4597 48
372 4551 439 4598 non
461 4532 585 4615 perpeti
608 4533 814 4599 meretricum
836 4527 844 4619 Ι

207 4657 248 4666 -
271 4619 335 4687 461
360 4621 457 4688 adibo
480 4626 579 4702 atque
602 4620 803 4687 adsimulabo
827 4621 837 4705 Ι

222 4783 287 4850 69,,.
313 4785 393 4852 leth„
429 4773 614 4844 lieu'Adah
631 4784 688 4861 8,..
718 4774 842 4860 lappae.
861 4782 874 4843 1
880 4811 916 4851 a.
953 4780 990 4844 ib.
1006 4783 1070 4861 dm.
1107 4777 1219 4860 Frwpy.
1236 4781 1293 4856 dp.
1330 4772 1443 4838 Assae.
1464 4780 1516 4856 l‚4.
1555 4775 1594 4838 ib.
1611 4779 1668 4847 3,..
1705 4778 1795 4835 Aoos.
1815 4773 1872 4844 3,7.

223 4857 327 4935 :Bima
341 4885 399 4940 up.
414 4868 476 4947 72²·
489 4861 602 4944 Ἥνιῠχ.
619 4870 677 4948 1η.
689 4865 792 4946 lb.2,2.
804 4863 907 4946 Ἥρως
924 4869 980 4938 3,ι.
996 4865 1101 4937 lb.5,1.
1117 4861 1250 4944 Θεοφορ.
1267 4866 1339 4935 Qu.
1352 4857 1431 4940 Ἶμβ.
1450 4857 1534 4946 1195.
1546 4861 1655 4942 mu?-
1677 4864 1731 4932 la.
1743 4859 1783 4925 iil.
1799 4865 1873 4932 luo.

235 4949 390 5022 Mirm*
410 4945 497 5031 ³007.
515 4956 570 5031 12⁸·
597 4953 691 5017 mox.
712 4956 765 5025 15.
787 4951 826 5016 ΙΙ).
847 4957 899 5025 ln.
922 4951 961 5016 ib.
981 4957 992 5015 l
999 4983 1052 5024 ,11.
1080 4950 1216 5030 Γροφων.
1236 4953 1247 5014 Ι
1253 4981 1305 5023 m.
1327 4944 1505 5028 ‘Ymffifflb
1530 4947 1568 5012 ib.
1584 4949 1641 5020 3,..
1667 4943 1795 5029 mivone.
1816 4952 1872 5018 1,..

231 5036 290 5100 iah.
307 5037 362 5099 ine.
384 5039 442 5107 2,..
467 5041 540 5108 διιι.
567 5041 646 5109 12η.

161 5120 204 5172 bl.
242 5117 306 5174 riso.
322 5117 362 5172 lat
388 5117 458 5186 orig.
480 5117 528 5171 111.
545 5135 569 5172 c.
583 5121 606 5172 1.

162 5189 197 5242 53
254 5187 341 5243 etrilr¹
357 5185 374 5258 ξ
392 5188 441 5242 391
461 5187 544 5241 Anna
