4590 5828
1161 262 1323 348 hx..

385 465 479 548 atque
507 463 604 548 ipsius
634 459 797 529 Menandri
827 449 950 529 nomino
972 457 1054 528 iorae
1083 461 1229 527 emittere
1259 480 1321 527 non
1351 460 1453 526 miuus
1483 456 1560 526 mihi
1590 477 1770 543 persuasum
1799 460 1856 526 est.
1904 457 1973 526 Hac
2002 457 2105 543 igitur

385 555 540 620 sententia
570 589 613 598 —
643 553 708 619 sire
737 571 809 618 vera
832 551 896 618 sire
918 550 998 616 falsa
1021 552 1078 629 est,
1111 552 1195 616 certe
1217 551 1335 614 malum
1359 550 1441 615 malo
1465 549 1617 614 cumulari
1640 569 1700 615 nou
1723 548 1842 631 patitur
1867 581 1909 595 -·
1933 549 2106 631 perductus

386 645 424 708 ab
454 643 597 708 omnibus
630 642 819 708 incertamm
853 639 1026 704 fabularum
1061 639 1198 722 reliquiis
1234 637 1438 704 recedendum
1472 638 1688 705 existimabam
1723 641 1846 721 praeter
1881 657 1995 719 pancas
2028 637 2108 702 illas

384 731 533 815 longioris
567 731 711 810 ambitus,
748 749 823 812 qnae
859 728 1002 793 Mainake
1035 728 1107 792 inde
1142 729 1181 793 ab
1216 727 1314 793 altera
1347 746 1444 810 usque
1474 727 1513 792 ad
1544 728 1673 792 tertium
1703 725 1859 792 decimum
1889 726 2108 810 fragmentum

386 820 523 904 collegit.
569 821 613 884 111
636 819 695 901 bis,
720 837 798 901 quae
822 817 975 883 enucleari
999 818 1176 899 potueruut,
1200 816 1276 882 haec
1300 819 1383 882 sunt.

1106 1013 1136 1079 1.
1170 1011 1382 1080 decesseris.

493 1176 599 1242 Primo
621 1173 690 1238 loco
712 1170 900 1238 mouendum
924 1171 971 1236 est
993 1170 1082 1235 illam
1111 1169 1215 1254 legem
1238 1189 1284 1250 ea,
1315 1189 1377 1254 qua
1402 1189 1458 1253 par
1481 1171 1538 1250 est,
1570 1169 1735 1236 1111111111
1758 1170 1923 1250 observari,
1958 1192 1997 1238 ne
2019 1174 2112 1238 ullus

387 1268 511 1334 omniuo
541 1283 647 1330 versus
677 1263 782 1327 careat
810 1259 960 1325 incisione
989 1259 1177 1344 rhythmica.
1223 1259 1307 1325 Nam
1336 1258 1481 1324 undecim
1511 1259 1635 1324 tantum
1665 1277 1772 1325 versus
1802 1277 1928 1326 caesura
1958 1263 2113 1346 neglecta

385 1357 542 1442 leguntur,
573 1369 703 1435 quorum
733 1349 793 1416 etsi
815 1368 876 1414 nou
907 1347 1011 1432 aliqua
1040 1367 1111 1431 pars
1134 1347 1416 1430 manuscriptorum
1444 1345 1604 1430 iniquitati
1631 1347 1795 1413 deberetur
1818 1367 1912 1414 causa
1934 1349 2112 1418 defendens

387 1445 478 1512 facile
507 1439 713 1523 intellegitur.
769 1437 891 1521 Ubique
921 1436 1003 1503 enim
1034 1435 1155 1520 longior
1185 1435 1289 1519 aliqua
1318 1455 1375 1503 ror
1403 1435 1497 1502 metri
1526 1436 1680 1521 augustiis
1709 1436 1792 1503 male
1822 1457 1856 1503 11
1885 1440 2111 1522 eunomiane,

388 1539 424 1603 ut
447 1536 556 1600 contra
577 1530 779 1613 praeceptum
801 1527 991 1611 peccaretur,
1015 1525 1128 1591 effecit.
1175 1524 1284 1602 Confer
1307 1543 1436 1608 quaeso:

497 1640 528 1708 1.
548 1634 748 1725 Ἂρρηφόρος
767 1631 788 1721 ἢ
809 1631 969 1721 Δῦλητρίς
992 1631 1052 1712 la.
1097 1639 1246 1719 Πέραινε
1260 1665 1287 1712 τ
1303 1625 1457 1720 σωθείης
1472 1635 1508 1699 dd
1529 1635 1593 1702 νῦν
1616 1655 1624 1671 ·
1648 1629 1826 1723 ἀληθινόν,
1855 1633 1937 1716 quod
1963 1635 2108 1718 editoris,

548 1745 609 1793 nou
642 1727 752 1809 poetae
785 1729 948 1807 peccatum
982 1739 1050 1788 esse
1083 1723 1230 1806 apparet;
1268 1741 1368 1805 neque
1397 1722 1463 1805 ipse
1492 1721 1635 1788 Mainake
1664 1722 1728 1788 ista
1757 1741 1863 1788 versus
1893 1725 1995 1806 specie
2024 1728 2108 1793 adeo

548 1814 674 1900 gauisus
697 1812 843 1880 annotat:
886 1815 967 1890 ,νῦν
1000 1809 1157 1876 Iacobsius
1191 1809 1322 1877 tortasse
1356 1810 1474 1876 rectius
1508 1829 1580 1876 cum
1615 1811 1815 1894 sequentibus
1849 1811 1988 1892 iunxit¹‘;
2026 1835 2107 1882 saue

547 1902 749 1989 probandum,
772 1899 833 1967 uisi
856 1901 937 1966 forte
960 1899 1123 1966 rerbomm
1146 1899 1286 1966 ordinem
1308 1898 1424 1966 mutari
1447 1901 1603 1982 praestet:
1632 1910 1784 1989 πέραινε.
1806 1904 1869 1970 νῦν
1891 1904 1928 1969 δὲ
1950 1898 1956 1972 Ι
1978 1913 2106 1974 aas..

494 1996 525 2064 2.
549 1991 756 2081 Δημιουργός
779 1993 844 2072 lp:
880 1999 923 2060 Τί
941 1993 1052 2072 τοῦτο,
1073 1999 1158 2072 παῖ,·
1180 1993 1377 2070 διακονικῶς
1399 1991 1462 2078 γὰρ
1484 1991 1524 2078 νὴ
1546 1998 1610 2058 Δία

494 2085 526 2154 3.
549 2083 593 2147 ib.
611 2081 675 2162 1,s:
699 2081 760 2169 τὴν
781 2081 887 2151 νύκτα
901 2075 931 2148 τ’
955 2074 1213 2168 ἠγρυπνήκαμεν
1236 2101 1244 2118 ·
1264 2085 1321 2146 καλ
1342 2083 1405 2146 νῦν
1428 2081 1487 2148 ἔτι.

494 2173 526 2241 4.
550 2172 773 2260 Κεκρύφαλος
795 2169 854 2250 2,.;
885 2171 988 2260 μύρα,
1012 2170 1203 2258 στεφάνους
1226 2174 1421 2256 ἑτοίμασον,
1445 2171 1595 2251 σπονδὰς
1616 2177 1718 2250 ποίει,
1754 2169 1808 2234 sed
1838 2170 1898 2237 nisi
1928 2173 2105 2255 graviorem

550 2259 758 2344 corruptelam
789 2259 914 2326 subesse
941 2257 1070 2336 iudicas,
1099 2257 1346 2324 intercalaudum
1375 2261 1451 2343 puto
1480 2260 1551 2342 post
1583 2260 1773 2347 στεφάνους
1796 2255 1830 2325 θ’
1854 2278 1909 2342 111
1937 2264 2093 2329 rc-vooule

551 2368 629 2433 qnae
652 2348 778 2431 quidem
801 2344 903 2440 [ΘἛ]
926 2349 999 2413 1111
1021 2348 1202 2429 sequentem
1225 2347 1364 2414 litteram
1388 2347 1510 2414 1111111
1533 2348 1722 2415 scribentem
1738 2349 1871 2431 effugere
1887 2351 2001 2432 potuit.
2036 2352 2104 2434 Quo

551 2439 635 2504 11111
658 2437 895 2521 semiquinariae
918 2436 973 2501 illa
995 2434 1110 2501 1111111
1132 2433 1230 2501 forma
1252 2435 1360 2502 oritur.

627 2527 749 2594 Pariter
771 2546 822 2593 me
845 2525 970 2610 quidem
992 2523 1094 2590 iudice
1116 2524 1359 2590 subveniendum
1382 2526 1445 2594 est:

496 2617 528 2685 ὃ.
552 2621 672 2697 rotat
693 2615 740 2696 3,r
767 2621 864 2706 ἔγχει.
885 2624 985 2696 θεοῖς
1002 2609 1199 2702 Ὀλυμπίοις
1218 2637 1326 2656 ·····
1332 2662 1343 2692 ‚
1367 2613 1416 2680 cui
1438 2613 1528 2680 facile
1551 2613 1721 2694 medemur,
1744 2613 1772 2680 si
1793 2623 1894 2698 θεοῖς
1916 2620 1953 2683 ut
1976 2618 2104 2685 elisione

555 2729 590 2776 ex
612 2716 733 2777 θεοῖσι
751 2713 852 2774 ortam
867 2705 1032 2772 scribimus
1046 2701 1173 2774 deotd.
1219 2704 1290 2770 Nou
1313 2721 1382 2770 raro
1405 2702 1489 2768 euim
1512 2702 1633 2769 dativus
1657 2702 1787 2786 pluralis
1810 2705 1920 2772 horum
1943 2707 2102 2774 nominum

552 2797 870 2865 111-1111111111.
894 2794 934 2860 cf.
958 2793 1000 2859 ib.
1025 2792 1086 2876 3,ι.

496 2885 527 2955 6.
550 2887 696 2954 Fortasse
718 2887 751 2952 11
772 2885 806 2952 in
837 2885 1033 2974 Τροφώνιος
1056 2883 1101 2965 1,ι
1126 2886 1378 2972 ἐνπροσφάτοις
1398 2885 1568 2968 ἰχθυδίοις
1590 2889 1814 2970 τεθραμμένα
1833 2883 2032 2964 scribendum
2058 2887 2095 2951 est

549 3005 577 3045 rr
598 2998 642 3046 οσ
672 2969 792 3045 11111σῖ

495 3063 527 3134 7.
551 3004 784 3147 1111κῖ11111
810 3069 929 3155 λαβεῖν
949 3059 1011 3153 ἔμ’,
1035 3067 1393 3145 ἑκκαιδεκατάλαντον,
1417 3056 1535 3132 ὦθεοί.
1559 3115 1563 3120 -

496 3154 528 3222 8.
555 3160 752 3249 Τροφώνιος
776 3156 853 3238 1,1ι.
878 3156 1080 3238 κάνδαυλον,
1103 3151 1372 3244 ὑποβινητιῶντα
1394 3157 1567 3242 βρώματα.

498 3247 530 3314 9.
548 3243 837 3338 Ὑποβολιμαῒοςῆ
852 3247 1009 3337 ἄγροικος
1022 3245 1074 3314 12.
1092 3242 1135 3326 ὥς
1148 3250 1252 3334 μηδὲν
1273 3243 1553 3334 ἄποκρινουμένῳ
1576 3239 1700 3313 δὀῧτω
1716 3248 1844 3327 λαλεῖν,
1858 3246 2029 3328 quivsrsus
2041 3265 2104 3312 111

550 3340 682 3405 metrica
693 3359 753 3405 nou
765 3340 867 3405 miuus
878 3357 971 3423 prave
982 3334 1100 3402 incedit
1110 3338 1241 3420 probata
1253 3335 1378 3401 editoris
1391 3335 1567 3402 coniectura
1578 3341 1685 3422 τούτῳ
1702 3334 1771 3419 (111
1783 3335 1917 3424 dodra)
1932 3336 1955 3403 i.
1971 3357 1997 3404 e.
2015 3344 2103 3424 ἐμαί.

484 3425 536 3494 10.
560 3427 683 3494 fabulae
698 3428 835 3494 incertae
851 3426 914 3510 3,rr
940 3429 1000 3514 τὴν
1014 3429 1116 3496 πόλιν
1129 3425 1219 3516 ὅλην.
1236 3429 1269 3495 οἱ
1281 3429 1485 3516 βουλόμενοι
1508 3427 1632 3513 ταύτην
1654 3428 1783 3513 λαβεῖν,
1804 3446 1878 3493 nam
1900 3426 2026 3492 articuli
2047 3445 2105 3493 vor

551 3536 623 3583 oum
646 3515 771 3584 nomine
802 3534 856 3582 suo
886 3535 983 3582 unum
1012 3516 1045 3582 iu
1074 3518 1249 3582 membrum
1279 3515 1454 3582 coalescens
1485 3534 1520 3580 eo
1543 3515 1651 3582 miuus·
1675 3516 1727 3580 hio
1758 3519 1829 3598 post
1858 3536 1891 3582 ee
1921 3515 2103 3582 incisionem

550 3604 618 3670 fieri
640 3605 768 3690 patitur,
794 3603 875 3689 quod
899 3605 1002 3688 111111
1025 3603 1232 3688 interpunctio
1254 3603 1421 3671 antecedit.

481 3693 533 3762 11.
556 3693 619 3761 fab.
647 3695 709 3761 ins.
742 3693 801 3775 6‚.:
840 3696 1011 3783 γράφουσι
1043 3695 1105 3764 τὸν
1138 3702 1328 3784 Προμηθέα
1363 3703 1448 3784 πρὸς
1477 3706 1551 3774 ταῖς
1579 3705 1729 3782 πέτραις,
1762 3711 1868 3759 verum
1903 3693 2023 3760 conicio
2056 3693 2104 3758 ita

551 3783 702 3868 scriptum
730 3802 811 3850 esse:
847 3785 1019 3872 γράφουσι
1046 3794 1185 3872 πέτραις
1212 3786 1271 3852 τὸν
1293 3793 1483 3873 Προμηθέα
1505 3795 1598 3854 ποτέ.

498 3888 713 3974 comprobatis
722 3890 820 3974 igitur
829 3889 879 3972 iis,
892 3910 970 3975 qnae
981 3890 1021 3956 ad
1032 3891 1183 3958 sanandos
1195 3910 1300 3958 versus
1311 3893 1527 3975 proposuimus
1539 3891 1660 3958 restant
1671 3892 1810 3957 tantum:
1822 3889 1854 3968 2,
1867 3890 1898 3969 3,
1911 3889 1942 3969 7,
1955 3888 1986 3964 8,
2000 3888 2031 3969 9,
2049 3887 2103 3968 10,

392 3995 522 4060 qnorum
546 3978 577 4058 7,
601 3977 632 4057 8,
657 3977 677 4046 9
700 3997 737 4043 111
759 3979 855 4064 longo
879 3979 962 4046 vocis
985 3979 1116 4046 adonim
1139 3979 1240 4046 medio
1263 3980 1296 4045 iu
1320 4000 1409 4046 versu
1431 3981 1550 4064 positae
1577 3979 1697 4045 ambitu
1724 3979 1952 4044 excusationem
1974 3979 2103 4044 habent.

499 4066 649 4133 Necnon
673 4067 804 4133 alteram
831 4067 922 4132 illam
944 4068 1046 4153 legem
1078 4067 1159 4152 apud
1182 4068 1389 4134 Menandrum
1418 4069 1452 4136 iu
1482 4069 1615 4135 caesuris
1647 4067 1820 4134 statuendis
1850 4066 1951 4134 valere
1980 4065 2103 4133 rideas:

391 4157 428 4221 ut
449 4153 627 4239 principalis
649 4155 759 4221 incisio
781 4155 962 4244 rhythmica
983 4157 1035 4236 sit,
1060 4176 1137 4240 quae
1161 4158 1233 4223 aute
1256 4157 1385 4223 tertiam
1408 4158 1524 4225 thesim
1546 4157 1682 4236 incidet;
1713 4157 1887 4240 proximum
1909 4175 1981 4222 vero
2003 4175 2105 4238 neque

391 4245 439 4310 ita
471 4243 649 4310 inferiorem
681 4243 784 4310 locum
818 4239 878 4311 eibi
910 4247 1055 4312 autumat
1089 4245 1353 4329 semiseptenaria,
1397 4246 1478 4328 quod
1511 4245 1711 4312 confirmetur
1744 4245 1813 4326 hec,
1856 4263 1950 4328 quam
1979 4245 2105 4310 subesse

391 4333 574 4412 invenimus,
598 4351 795 4398 numerorum
817 4333 953 4402 ratione:
977 4333 1043 4404 466
1058 4359 1065 4400 :
1079 4333 1154 4403 355.

500 4421 560 4502 Qui
582 4421 703 4486 numeri
726 4439 788 4487 non
811 4421 858 4488 ita
879 4442 992 4507 paucos
1016 4443 1120 4492 versus
1144 4422 1417 4507 comprehendunt,
1453 4442 1528 4507 quos
1550 4424 1642 4490 facile
1664 4441 1808 4490 caesurae
1831 4422 1952 4488 mediae
1973 4421 2103 4502 tribuae,

393 4509 453 4576 nisi
474 4531 508 4576 re
530 4512 608 4577 bene
632 4509 781 4577 distincta
809 4530 883 4578 vera
911 4511 1002 4580 huius
1030 4513 1077 4580 rei
1099 4513 1238 4597 exempla
1268 4513 1307 4580 ab
1330 4513 1379 4595 iis,
1416 4532 1495 4597 quae
1523 4533 1591 4581 cese
1619 4512 1773 4592 videntur,
1809 4530 1913 4578 serere
1943 4509 2103 4577 discernis.

393 4600 518 4666 Etenim
532 4619 594 4666 nou
609 4598 723 4680 media,
747 4599 801 4665 sed
816 4598 1077 4682 hephthemimeri
1093 4603 1174 4669 caesi
1187 4603 1296 4670 haberi
1312 4603 1425 4669 debent
1440 4603 1464 4668 ii
1479 4622 1594 4683 versus,
1619 4621 1749 4685 quorum
1767 4601 1882 4668 incisus
1905 4599 1993 4667 tertii
2015 4599 2105 4684 pedis

393 4688 464 4754 finis
487 4688 590 4771 aliquo
612 4689 703 4755 modo
727 4687 885 4772 obtegitur
908 4689 972 4755 eive
995 4693 1179 4774 apostrophe
1195 4693 1258 4758 eive
1274 4691 1487 4777 monosyllaba
1504 4710 1590 4758 roco.
1629 4691 1779 4759 Omnibus
1795 4691 1900 4756 antem
1915 4689 1965 4754 bis
1979 4689 2046 4754 iure
2063 4690 2105 4755 ab

393 4777 453 4843 hoc
475 4777 543 4844 loco
565 4776 693 4844 seclusis
716 4775 759 4846 68
782 4777 923 4862 exempla
946 4797 1090 4846 caesurae
1112 4780 1234 4846 mediae
1256 4782 1430 4865 supersunt,
1465 4799 1543 4864 quae
1566 4799 1745 4847 enumerare
1767 4779 1856 4846 nobie
1878 4779 1941 4844 iam
1965 4777 2106 4862 liceat.¹)

397 5021 403 5035 ·
506 4953 526 5022 ¹)
545 4953 685 5010 Fortasse
694 4953 743 5010 hic
753 4961 784 5012 et
793 4953 867 5012 aliae
876 4953 957 5012 locos
969 4953 1050 5028 ipsos
1062 4971 1116 5028 pro
1125 4954 1254 5012 numeris
1264 4953 1424 5024 decideram
1444 4962 1476 5013 et
1487 4954 1579 5024 doleo,
1592 4953 1670 5028 quod
1683 4952 1908 5010 difficultatibus
1921 4929 2103 5026 necopinato

394 5040 426 5086 ru
443 5022 517 5080 libro
538 5024 617 5098 typis
635 5025 826 5084 exscmbeudo
846 5026 956 5084 coortis
974 5025 1133 5086 maximam
1150 5033 1266 5098 partem
1283 5027 1425 5084 orationis
1443 5045 1568 5100 graecae
1586 5027 1778 5099 exstinguere
1797 5031 1919 5084 coactus
1938 5041 2012 5085 eum.
