4590 5828
1517 533 1550 597 in
1573 532 1655 613 pedo

1415 623 1509 688 tortio
1651 621 1767 702 quarto

1361 711 1471 777 Ph.-D.
1504 709 1544 776 lll.
1586 707 1696 774 Ph.-D.
1733 705 1773 770 Μ.

562 826 593 894 5.
618 829 705 892 exitu
728 825 818 891 vocis
850 831 883 890 et
913 823 1134 906 monosyllabo
1158 829 1191 888 el
1223 822 1326 904 prima

621 916 743 999 syllaba
766 915 930 997 sequentis
953 913 1042 977 vocis
1096 913 1155 967 5:
1209 913 1305 973 υξὶ
1394 887 1436 958 10
1521 889 1543 952 4
1639 887 1660 950 9
1757 883 1776 947 7

565 1006 595 1071 6.
619 1011 763 1070 extrema
772 1003 862 1068 vocis
871 1001 994 1086 syllabo
1018 1007 1050 1067 et
1074 1000 1199 1068 duabus

621 1093 787 1158 vocalia.
834 1142 840 1156 .
887 1141 894 1155 .
941 1141 947 1154 .
990 1141 997 1154 .
1043 1140 1050 1153 .
1097 1139 1103 1152 .
1149 1093 1307 1147 Λὶψ»,

567 1183 596 1247 7.
620 1181 844 1266 monosyllabo
868 1186 900 1246 el
930 1178 1087 1262 hisyllabo
1116 1193 1215 1241 voca·
1354 1216 1358 1268 l

616 1271 1100 1336 bulo........
1182 1257 1357 1372 „Gy

568 1361 598 1425 8.
621 1358 843 1442 monosyllabo
863 1363 895 1422 et
914 1358 1002 1422 initio
1026 1357 1115 1422 vocis
1147 1355 1229 1420 ultra

621 1449 738 1531 pedem
761 1448 939 1531 productae
986 1496 992 1510 .
1039 1496 1046 1509 .
1092 1495 1099 1509 .
1203 1445 1307 1505 :²:⁸-

569 1537 599 1602 9.
623 1536 750 1602 duobus
796 1535 1024 1618 monosyllabis
1048 1540 1080 1598 et
1107 1534 1210 1615 prima
1232 1533 1298 1616 syl-

615 1625 691 1691 laba
713 1624 862 1690 vocabuli
885 1623 1109 1708 subsequentis
1152 1658 1183 1680 2
1208 1659 1306 1682 ψ..

549 1715 600 1781 10.
625 1715 728 1780 tribus
752 1712 981 1798 monosyllabis
1038 1762 1044 1777 .
1092 1763 1098 1776 .
1207 1739 1307 1766 ..w

1353 1811 1552 2019 ‘38'44
1625 1884 1668 1950 85
1741 1885 1786 1951 90

422 2035 503 2100 Hinc
526 2053 604 2100 vero
627 2034 779 2098 discimus

373 2125 403 2190 1.
427 2129 462 2188 ut
492 2120 668 2205 tragicos,2⁰
686 2123 732 2186 ita
778 2127 908 2186 nostros
953 2138 1066 2184 omnes
1096 2119 1129 2182 id
1153 2119 1266 2198 egisse,
1298 2137 1339 2182 ne
1374 2118 1454 2182 arsis
1495 2117 1649 2182 tribrachi
1692 2118 1926 2200 exprimeretur
1961 2129 2043 2177 voce

422 2211 654 2295 monosyllaba,
687 2211 807 2275 etenim
838 2229 904 2274 non
936 2209 1120 2292 frequentes
1148 2226 1219 2272 esse
1251 2208 1341 2272 locos
1373 2205 1434 2271 sub
1458 2206 1487 2284 7,
1511 2207 1542 2286 8,
1572 2206 1603 2284 9,
1638 2206 1680 2272 10
1710 2206 1852 2271 numeris
1884 2203 2043 2268 indicatos

424 2301 630 2366 concesseris.
677 2299 715 2364 Et
738 2300 885 2381 exempla
908 2299 978 2381 ipsa
1010 2296 1273 2379 percensentibus
1304 2296 1403 2360 etiam
1427 2296 1561 2361 alteram
1588 2298 1623 2360 in
1650 2295 1714 2360 hoc
1742 2295 1824 2378 pede
1849 2291 2043 2359 exstruendo

423 2389 568 2470 regulam
591 2409 611 2454 a
634 2389 764 2470 tragicis
794 2385 1035 2466 observatam³⁰‚
1072 2393 1107 2450 ut
1139 2386 1165 2448 si
1189 2386 1328 2467 primum
1363 2386 1531 2450 solutionis
1564 2391 1691 2467 tempus
1728 2403 1786 2467 per
1822 2382 2044 2464 exceptionem

424 2495 612 2558 expressunt
634 2479 675 2542 sit
697 2495 778 2542 voce
801 2475 1033 2559 monosyllaba,
1058 2475 1236 2540 arctissime
1260 2493 1299 2538 ea
1323 2475 1497 2539 cohaereat
1521 2493 1595 2539 cum
1627 2474 1797 2551 vocabule,
1830 2472 1918 2555 quod
1952 2474 2045 2534 ante·

425 2566 519 2644 cedit,
542 2585 655 2632 severe
687 2585 707 2631 a
740 2567 872 2630 eunucis
917 2565 1042 2630 servari
1065 2565 1186 2628 elucet:
1206 2582 1283 2626 nam
1305 2563 1450 2640 voculae,
1483 2565 1652 2646 quaehuic
1685 2565 1731 2628 rei
1763 2561 1950 2636 inserviunt,
1982 2559 2045 2623 hae

425 2661 513 2719 sunt:
535 2651 1124 2734 rap,ps,u01'‚rt,cl,caethaea
1147 2651 1309 2716 mrisshne
1341 2652 1401 2716 sibi
1432 2652 1598 2734 indulgent
1629 2653 1693 2718 hoc
1725 2653 1798 2716 loco
1831 2649 1955 2714 articuli
1988 2648 2046 2711 ali-

426 2763 524 2826 quam
546 2742 694 2818 sormam,
727 2747 761 2804 ut
794 2739 1035 2822 quodammodo
1068 2741 1120 2804 illa
1152 2740 1306 2804 tribrachi
1338 2742 1462 2822 species
1494 2742 1620 2818 evadat,
1653 2761 1751 2824 quam
1773 2739 1833 2806 sub
1861 2739 1876 2802 1
1903 2738 1924 2802 b
1952 2737 2047 2801 huius

425 2832 555 2897 tabulae
587 2830 823 2912 descripsimus,
847 2829 965 2912 quippo
988 2848 1063 2892 cnm
1085 2830 1239 2894 articulus
1262 2849 1337 2894 cum
1360 2848 1440 2894 voce
1464 2849 1547 2913 quae
1570 2832 1715 2913 sequitur
1732 2831 1773 2893 sit
1796 2826 2048 2908 coniungendas.

376 2921 407 2985 2.
430 2920 568 2984 Maxime
591 2920 743 2984 usitatam
766 2918 904 3000 ideoque
927 2919 1100 2998 legitimam
1123 2917 1261 2983 formam
1284 2918 1468 2984 habendam
1491 2938 1571 2998 csse,
1595 2939 1693 3001 quam
1715 2919 1776 2983 sub
1800 2917 1820 2982 3
1845 2953 1888 2963 -
1911 2923 1944 2982 et
1959 2914 1989 2994 5,
2009 2935 2049 2980 ex

426 3027 526 3074 causa
547 3008 722 3084 notissima,
746 3041 788 3050 —
813 3007 989 3088 posuimus;

377 3097 408 3162 3.
432 3117 473 3162 ue
497 3097 639 3162 comicos
663 3095 794 3178 quidem
817 3095 859 3159 ad
883 3115 957 3159 eam
979 3096 1142 3160 licentium
1164 3115 1352 3178 progressos
1376 3115 1455 3174 esse,
1479 3103 1514 3162 ul
1537 3097 1648 3162 formis
1672 3097 1848 3161 durissimis
1876 3115 1956 3178 quas
1989 3093 2049 3157 sub

428 3187 449 3250 6
491 3191 524 3251 et
564 3185 719 3268 imprimis
761 3183 782 3247 9
825 3190 857 3249 et
897 3184 939 3248 10
978 3185 1175 3263 notavimus,
1217 3185 1475 3263 delectarentur3
1518 3187 1616 3250 inmro
1658 3187 1755 3250 anxia
1796 3186 1937 3268 quadam
1971 3201 2049 3247 curu

427 3275 586 3340 eiusmodi
609 3273 790 3338 tribrachos
814 3273 951 3338 evitatus
970 3292 1040 3338 esse
1063 3275 1188 3338 numeri
1211 3275 1270 3357 ipsi
1295 3275 1423 3353 docent,
1447 3282 1490 3352 ut,
1515 3276 1704 3358 praesertim
1727 3275 1932 3355 cumplures
1964 3271 2052 3354 apud

427 3364 640 3429 Menandrum
672 3381 770 3444 quam
808 3361 895 3444 apud
923 3362 1144 3428 Philemonem
1176 3370 1208 3426 et
1231 3361 1392 3446 Diphilum
1416 3364 1509 3428 nobis
1534 3368 1716 3440 occurrant,
1744 3364 1875 3427 minime
1899 3361 2051 3438 dubitem,

428 3455 505 3535 quin
528 3470 634 3533 pauca
666 3451 719 3514 illa
748 3451 894 3530 exempla
927 3451 1056 3515 falsario
1089 3451 1249 3516 tribuendi
1282 3454 1354 3530 sint,
1387 3453 1475 3535 quod
1507 3472 1572 3535 quo
1604 3453 1673 3518 iure
1705 3453 1813 3518 lacere
1846 3469 1941 3533 posse
1973 3451 2051 3513 mihi

430 3542 550 3620 videor,
574 3559 671 3622 supra
697 3537 719 3573 ³¹
763 3539 917 3619 indicavi;

382 3632 412 3696 4.
437 3630 522 3696 idem
547 3630 587 3694 de
605 3629 685 3693 locis
703 3627 906 3692 Menandrcis
927 3627 1133 3692 iudicandum
1149 3647 1228 3705 esso,
1248 3629 1301 3710 qui
1321 3627 1521 3692 tribrachum
1536 3647 1617 3694 uoce
1636 3629 1800 3712 trisyllaba
1816 3627 2054 3693 conformatum

430 3719 592 3798 exhibent,
616 3737 754 3801 quorum
778 3716 832 3780 uni
855 3715 1103 3800 (Ὑποβολιμαῖος
1128 3715 1193 3800 2,5)
1225 3717 1291 3782 iam
1314 3717 1383 3782 aliis
1416 3717 1585 3783 decausis
1617 3717 1873 3783 subveniendum
1904 3736 1975 3782 csse
2009 3715 2055 3801 (et

430 3811 568 3872 l'ortasse
591 3807 811 3889 subvenimus)
831 3806 1088 3870 demonstratum
1111 3812 1169 3869 est.

341 3897 564 3980 Disputatiene
588 3895 628 3960 de
652 3896 783 3960 comicis
807 3894 931 3974 graecis
955 3892 998 3956 ad
1020 3893 1207 3958 umbilicum
1229 3895 1294 3958 iam
1321 3894 1478 3977 perducta
1510 3896 1622 3977 paucis
1654 3893 1760 3959 verbis
1792 3913 1841 3974 ca,
1874 3913 1957 3978 quae
1980 3895 2055 3959 inde

430 3985 600 4049 enucleata
622 3990 706 4062 sunt,
725 3989 872 4066 repetere
896 3983 999 4045 liceat.

340 4074 364 4140 l.
387 4093 416 4138 a.
441 4091 596 4137 caesurae
620 4073 735 4154 quibus
757 4072 871 4152 singuli
896 4089 1007 4134 versus
1039 4070 1135 4134 incidi
1168 4077 1312 4153 possunt,
1336 4077 1403 4136 tres
1431 4076 1567 4150 castam,
1595 4090 1732 4154 quarum
1764 4071 1991 4154 semiquinaria
2026 4077 2058 4135 et

430 4161 694 4241 semiseptenaria
717 4161 926 4242 principalem
950 4157 1096 4223 obtinent
1119 4159 1227 4224 locum
1250 4161 1304 4240 ita,
1329 4167 1364 4224 ut
1387 4162 1481 4225 tertia
1497 4167 1569 4242 post
1589 4161 1718 4226 tertium
1736 4161 1854 4244 pedem
1872 4160 2058 4226 absolutum

431 4251 458 4314 si
481 4255 688 4329 conspreto,
711 4254 854 4312 attamen
877 4267 943 4312 non
966 4266 1041 4311 cum
1063 4247 1174 4313 lavore
1197 4249 1343 4331 quaesita
1365 4249 1520 4314 videatur.

386 4340 416 4405 b.
430 4337 706 4420 Ubicunquehaec
712 4336 958 4401 caesuramedia
967 4335 1155 4416 adrrritittur,
1162 4337 1280 4419 pedem
1287 4339 1745 4406 tertinmmereiambiumesse
1755 4344 1872 4420 poetae
1882 4340 2060 4404 voluerunt.

341 4429 376 4494 ll.
425 4426 613 4493 Secundum
641 4425 759 4508 pedem
781 4426 929 4507 primum,
953 4423 1008 4509 qui
1031 4427 1144 4508 quovis
1176 4427 1372 4492 solutionum
1395 4445 1522 4508 genere,
1546 4433 1582 4493 ut
1604 4429 1649 4492 ita
1672 4430 1788 4506 dicam,
1811 4434 1924 4507 scatet,
1946 4428 2060 4493 tertius

435 4521 634 4599 quartusque
658 4533 795 4579 caesura
818 4519 1016 4596 cooperante
1038 4515 1224 4597 saepissime
1248 4517 1418 4582 solvuntur
1440 4523 1539 4599 atque

386 4606 413 4670 1.
436 4606 517 4670 arsis
541 4605 626 4670 tertii
648 4604 740 4686 pedis
764 4603 824 4668 etsi
846 4621 921 4668 raro
945 4603 1025 4667 solvi
1048 4610 1164 4686 potest,
1188 4623 1263 4668 cum
1286 4611 1359 4670 toto
1378 4605 1462 4686 pede
1490 4613 1522 4671 et
1553 4606 1700 4688 sequenti
1726 4603 1849 4688 syllaba
1882 4623 1947 4670 una
1979 4623 2062 4672 vocs

433 4691 506 4777 (seu
544 4692 670 4758 duabus
703 4692 970 4774 pronunciatione
1002 4691 1250 4776 confluentibus)
1285 4694 1422 4776 expletis
1453 4695 1720 4776 semiseptenaria
1753 4711 1865 4760 versus
1898 4695 2062 4774 caeditur;

357 4865 563 4878 ο-ιι--ο--ι-ι-ι-

344 4936 379 4988 29
397 4933 426 4988 C.
446 4931 492 4986 Fr.
512 4928 668 4985 liettardo
689 4929 808 5000 pedibus
828 4925 927 4984 solutio
945 4945 991 4999 pg.
1011 4932 1052 4982 17.

337 5006 379 5127 di
395 5001 571 5139 i‘hlff'..
