4590 5828
1166 278 1346 344 ..pv-

392 457 510 539 poetas,
544 458 581 521 ut
603 455 704 539 prime
732 457 843 522 obtutu
866 472 1043 539 cognoscas,
1079 455 1213 519 multum
1240 455 1280 520 ab
1302 453 1451 539 Aeschyli
1475 453 1696 539 Sophoclisque
1719 455 1939 524 abstinentia
1965 454 2153 522 recessisse.

393 545 519 612 Etenim
543 563 613 612 cum
636 543 670 609 bi
698 580 740 592 -
769 563 842 609 nam
872 561 948 626 quas
975 543 1061 627 leges
1084 542 1273 625 Aeschylum
1295 561 1432 610 servasse
1464 543 1511 609 vir
1534 544 1730 610 doctissimus
1753 543 1936 612 Oberdick
1944 543 1974 631 ¹)
2001 547 2155 610 accurate

392 634 627 715 luculenterque
649 632 804 711 duseruit,
828 631 953 698 eaedem
975 632 1040 697 iere
1063 629 1226 715 Sophoclis
1249 633 1322 696 sunt
1345 629 1486 715 (excepte
1510 631 1699 718 Philoctete)
1723 669 1765 680 —

503 723 533 791 1.
557 721 643 787 tertii
666 723 698 786 et
721 720 824 803 quarti
846 722 971 786 tantum
993 719 1080 803 pedis
1103 719 1216 806 thesi²)
1239 720 1332 802 idque
1347 737 1410 786 nen
1432 721 1493 788 nisi
1517 739 1644 788 caesura
1666 723 1834 807 praesente
1863 720 2025 786 formam
2052 720 2155 806 bisyl-

556 810 659 876 labam
682 809 824 894 legitima
848 809 975 875 concedi
998 809 1103 886 velint,

501 898 534 966 2.
558 897 688 982 sparsim
710 898 847 982 primum
870 895 981 979 pedem
1003 896 1186 978 dissoluant,

502 985 533 1056 3.
556 987 690 1069 reliquos
714 1005 814 1052 meros
838 987 1035 1069 componant,

500 1076 531 1143 4.
555 1076 617 1143 iere
640 1075 741 1142 solum
764 1073 977 1162 tribrachym)
1000 1073 1183 1154 admittant,
1209 1073 1342 1158 denique

500 1164 531 1232 b.
555 1163 636 1247 quod
660 1161 699 1229 ad
722 1161 859 1245 syllabas
883 1163 1006 1242 attinet,
1031 1163 1141 1245 quibus
1156 1161 1268 1228 solutio
1293 1161 1374 1229 effici
1392 1165 1506 1246 potest,
1530 1164 1739 1230 severissimas
1754 1164 1843 1249 leges
1867 1164 1942 1230 sibi
1960 1163 2151 1247 imponant,

553 1251 652 1318 nostri
674 1251 767 1333 louge
789 1251 883 1316 aliam
905 1270 1046 1316 normam
1073 1252 1146 1315 sunt
1174 1251 1290 1330 secuti;
1325 1270 1398 1316 nam
1421 1253 1457 1316 ut
1481 1271 1499 1317 a
1521 1253 1688 1336 primariae
1718 1272 1872 1319 caesurae
1908 1253 1995 1318 loco
2032 1249 2149 1326 ordiar,

552 1359 607 1423 pes
630 1338 766 1405 tertius
789 1339 870 1422 apud
888 1357 940 1405 eos
963 1357 1024 1404 non
1047 1357 1116 1403 raro
1138 1337 1239 1404 tribus
1262 1339 1437 1423 completur
1459 1340 1597 1425 syllabis,
1622 1359 1692 1407 cum
1717 1361 1753 1408 ex
1776 1341 1843 1410 900
1873 1341 2057 1408 trimetris
2084 1337 2149 1407 136

553 1428 674 1494 solutae
704 1429 835 1506 exstent,
868 1446 998 1510 quarum
1026 1425 1215 1493 solutionum
1245 1427 1397 1510 plurimae
1421 1427 1513 1513 (121)
1538 1430 1572 1494 in
1594 1430 1708 1510 thesin,
1732 1449 1850 1514 paucae
1879 1427 1969 1517 (15)
1996 1430 2036 1495 in
2062 1427 2148 1494 arsin

554 1515 679 1582 cadunt.
724 1516 797 1582 Non
818 1517 969 1598 respuunt
999 1514 1098 1599 igitur
1128 1516 1239 1582 comici
1270 1519 1481 1601 anapaestum,
1517 1519 1568 1584 eui
1597 1519 1737 1602 tragicos
1768 1519 1878 1586 locum
1914 1537 1991 1585 non
2018 1517 2148 1583 dedisse

555 1623 648 1688 supra
670 1603 813 1670 vidimus.
861 1605 965 1686 Atque
988 1621 1024 1668 ex
1046 1603 1187 1670 thesibus
1210 1604 1273 1670 illis
1295 1605 1447 1687 plurimus
1472 1606 1597 1690 quidem
1620 1626 1775 1687 numems,
1811 1626 1877 1673 non
1907 1627 1995 1674 vero
2023 1623 2144 1684 omues,

553 1692 635 1777 quud
657 1692 706 1757 lor
729 1691 949 1776 postulaverat,
972 1694 1044 1776 post
1068 1710 1226 1758 caesuram
1249 1697 1321 1758 eunt
1343 1693 1515 1779 bisyllabae
1538 1693 1643 1783 (103),
1670 1695 1892 1780 duodeuiginti
1912 1699 2040 1762 autem
2062 1712 2146 1776 quae

553 1783 673 1848 restant
695 1782 800 1848 theses
822 1781 908 1846 nulla
931 1781 1134 1847 antecedente
1157 1782 1308 1848 incisione
1330 1782 1503 1849 invenimus
1527 1784 1655 1850 solutas.

660 1870 775 1934 Vemm
805 1872 914 1936 neuter
944 1889 1049 1935 eorum
1079 1868 1119 1934 ad
1150 1888 1219 1936 eam
1250 1870 1411 1938 licentiam
1440 1891 1621 1957 progressus
1644 1877 1702 1954 est,
1725 1875 1762 1939 ut
1784 1871 2141 1956 proceleusmaticum,

553 1959 606 2043 qui
637 1960 775 2038 vocatur,
811 1959 871 2024 sibi
900 1959 1087 2042 indulgeret.
1133 1959 1201 2024 Iam
1231 1960 1355 2043 singula
1385 1978 1571 2044 exponamus
1605 1965 1699 2045 atque
1728 1963 1865 2047 primum
1902 1961 2053 2045 quidem
2090 1977 2141 2024 eos

551 2067 667 2204 relrgus,
691 2065 823 2217 {uorlgm
846 2047 924 2112 arsis
947 2047 1147 2113 constituitur
1169 2048 1250 2113 binis
1273 2047 1403 2131 syllabis
1426 2067 1682 2132 percenseamus:
1706 2051 1837 2136 Legitur

420 2140 450 2209 1.
474 2137 556 2204 Phil.
627 2166 648 2213 ‚r
723 2153 760 2200 ου

551 2139 723 2306 duellari&
747 2218 820 2286 doec
840 2221 1055 2303 Βαβυλῶνος,
1078 2217 1123 2287 ἂν
1145 2216 1232 2288 ούτω
1254 2220 1346 2311 τύχῃ.

555 2315 589 2381 Si
613 2317 651 2382 ab
674 2314 734 2380 hoc
757 2332 847 2380 versu
869 2332 981 2380 noram
1004 2314 1192 2380 senteutiam
1214 2314 1352 2398 incipere
1379 2314 1547 2381 statuimus
1578 2334 1677 2400 neque
1706 2317 1810 2400 potius
1840 2315 1992 2399 ignobili
2027 2313 2135 2394 aliquo

472 2406 564 2487 atque
594 2405 712 2470 remoto
746 2402 859 2487 oppido
894 2403 1011 2470 amicae
1046 2403 1206 2468 nominato
1239 2404 1375 2468 militem
1409 2403 1506 2469 etiam
1539 2403 1708 2489 Babylonis
1739 2423 1872 2489 regnum
1910 2403 2133 2488 pollicentem

470 2493 594 2560 finxisse
612 2494 705 2576 poeta
720 2491 923 2570 existimatur,
947 2511 1003 2574 pro
1018 2495 1235 2577 βασιλίσσαις
1250 2489 1269 2578 ’ἦ
1291 2491 1365 2556 libri
1380 2499 1406 2558 A
1422 2491 1612 2557 levissimam
1628 2493 1833 2559 mutationem
1856 2488 2053 2580 βασίλιννα
2073 2493 2133 2580 dep

470 2582 588 2648 Bentlii
611 2581 659 2648 val
683 2579 764 2663 quod
787 2579 887 2646 editor
909 2579 1028 2661 recepit
1051 2580 1176 2663 probari
1198 2599 1322 2646 necesso
1346 2582 1404 2656 est,
1428 2599 1464 2645 ex
1487 2599 1520 2646 re
1540 2583 1672 2647 metrica
1688 2583 1772 2648 certe
1787 2602 1844 2648 nec
1860 2583 1976 2648 verbis
1998 2579 2131 2647 traditis

471 2672 636 2756 quicquam
671 2670 794 2736 obstare
830 2668 941 2733 elucet.
999 2667 1148 2734 Videmus
1187 2675 1292 2733 autem
1326 2667 1437 2750 pedem
1476 2669 1605 2736 tertium
1639 2671 1762 2737 nomine
1796 2671 1905 2756 propio
1947 2671 2129 2754 expletum,

471 2761 557 2826 cuius
579 2760 649 2844 post
672 2759 790 2824 exitum
813 2775 919 2822 versus
942 2757 1196 2839 semiseptenaria
1218 2755 1377 2821 inciditur.

415 2847 447 2916 2.
471 2848 554 2916 Phil.
578 2847 631 2918 51.
666 2850 704 2918 τὸ
727 2849 855 2916 κανοῦν
878 2841 906 2913 δ’
930 2841 948 2913 ὃ
972 2857 1052 2926 παῖς
1073 2855 1220 2934 trapiacus
1242 2847 1410 2934 τηνάλλως
1435 2847 1520 2931 ἔχων
1554 2847 1650 2914 simili
1681 2847 1774 2914 modo
1809 2849 1903 2932 atque
1942 2847 1980 2914 in
2016 2845 2124 2930 priore

471 2955 560 3003 versu
583 2938 695 3004 tertius
717 2956 771 3019 pes
795 2955 866 3000 cum
890 2937 1000 3018 quarta
1023 2935 1085 3000 arsi
1107 2955 1181 3002 voce
1204 2933 1434 3018 quadrisyllaba
1457 2936 1627 3003 conficitur.
1662 2936 1756 3003 item:

415 3025 447 3092 3.
493 3061 537 3073 ·-
606 3024 672 3104 12,r
701 3028 813 3112 γυμνῷ
838 3025 993 3115 φυλακὴν
1015 3029 1183 3105 ἐπίταττε,
1206 3031 1264 3093 καὶ
1286 3025 1343 3091 διὰ
1367 3027 1479 3108 τριῶν,

413 3113 448 3181 4.
495 3151 536 3162 -
605 3113 673 3194 88,υ
700 3117 761 3184 τὸν
783 3115 845 3200 γὰρ
868 3121 945 3201 βίον
967 3121 1147 3202 περίεργον
1169 3117 1216 3190 εἷς
1237 3115 1279 3183 τὰ
1302 3110 1398 3181 πάντ’
1424 3115 1508 3200 ἔχων

415 3203 447 3270 l').
495 3240 537 3250 -
606 3203 673 3282 aba
701 3207 906 3290 ἐλευθέρους
938 3209 1078 3293 ἐποίησε
1110 3206 1240 3283 πάντας
1271 3206 1311 3292 τῇ
1345 3204 1459 3290 φύσει,
1494 3202 1549 3270 sed
1571 3205 1657 3268 tutus
1679 3202 1775 3282 locus,
1797 3201 1879 3269 unde
1906 3203 2038 3287 potitus
2062 3195 2120 3274 est,

415 3379 436 3448 6
472 3293 670 3450 οοιτυραίἰῖῧ
689 3297 781 3408 atgue
806 3293 1011 3450 adziitamenti
1028 3293 1160 3406 'quidem
1182 3293 1592 3450 ¹5⁰⁰nli⁰ssl⁸A⁵F³Pi⁰i⁰¹1⁰m
1615 3295 1729 3372 moret,

439 3431 446 3446 .
493 3417 535 3427 ····
673 3413 693 3460 ‚1
722 3406 803 3451 Μαι
824 3411 846 3451 τ
883 3408 940 3452 ναί
982 3404 1129 3464 domin,
1150 3409 1257 3451 ταῦτα
1276 3433 1285 3462 ,
1307 3409 1332 3450 ω
1388 3409 1411 3450 α

415 3466 446 3534 7.
479 3469 573 3553 Diph.
607 3468 691 3548 3211
719 3478 764 3560 τῷ
788 3411 891 3562 dppalip
914 3409 1117 3559 παζέγύωκαν
1138 3408 1468 3576 rrirrlvf‘flqciulextqg3

415 3554 447 3622 8.
494 3593 537 3606 -
605 3557 692 3638 Atiae
719 3553 788 3626 ἀπὸ
813 3560 992 3644 συμβολῶν
1015 3559 1207 3643 συνάγοντα
1229 3557 1268 3645 νὴ
1291 3565 1333 3625 At
1368 3558 1558 3645 draptiaco

416 3643 446 3713 9.
494 3683 536 3694 -
607 3647 672 3726 14,ι
715 3643 902 3733 ὀργίζεταις
921 3647 1109 3731 παράσιτος
1128 3645 1176 3714 ὢν
1197 3642 1375 3732 ὀργίζεται
1383 3672 1396 3728 ,·
1425 3645 1498 3710 huic
1530 3646 1673 3710 trimetro
1703 3644 1762 3710 soli
1793 3646 1890 3711 etiam
1917 3645 1958 3712 ab
1984 3655 2115 3712 mesura

471 3734 639 3802 difficultas
662 3737 769 3815 oritur,
794 3735 854 3800 nisi
877 3734 956 3799 forte
981 3733 1028 3802 ὤν
1051 3753 1069 3800 a
1092 3736 1194 3800 nomia
1218 3753 1273 3800 suo
1296 3733 1417 3816 diiungi
1438 3735 1505 3799 lere
1528 3737 1630 3818 putas.

394 3820 446 3890 10.
493 3861 535 3871 -
604 3825 671 3904 91,ι
713 3819 753 3910 ἣν
775 3820 848 3893 οὐδ’
870 3821 888 3892 ὁ
910 3827 1020 3914 πατὴρ
1042 3829 1203 3914 ἐφίλησεν
1224 3821 1453 3894 οὐδεπώποτε.

555 3913 658 3979 Aliter
680 3931 729 3980 res
752 3935 785 3980 se
809 3914 904 3980 babet
927 3915 959 3978 in

394 3998 447 4067 11.
482 4000 564 4068 Phil.
600 4001 669 4082 64,ο
709 4001 967 4094 τρ1’ἡμιοβὸλι’
981 4010 1064 4072 ἐστί.
1105 4006 1232 4090 χαλκοῦ
1267 4003 1401 4089 θερμὸν
1431 3997 1481 4088 ἣν,
1519 4001 1605 4066 cuius
1643 4004 1714 4084 post
1751 4001 1836 4067 arsin
1873 4001 2012 4067 solutam
2054 4009 2111 4060 rex

470 4089 668 4169 terminatur,
691 4094 728 4158 ut
749 4095 859 4160 incisio
883 4092 1034 4174 quaedam
1058 4092 1133 4170 fiat;
1165 4111 1352 4176 quamquam
1376 4093 1408 4156 et
1430 4091 1490 4156 boc
1513 4088 1689 4173 exemplum
1713 4109 1783 4156 cum
1806 4090 1854 4166 iis,
1880 4107 1959 4173 quae
1983 4089 2111 4154 autece-

474 4176 562 4256 dunt,
589 4177 635 4244 ita
658 4182 812 4266 congruit,
843 4183 878 4246 ut
901 4181 994 4246 verba
1015 4176 1198 4269 lprdssots’
1223 4185 1255 4246 et
1279 4184 1356 4247 tort
1376 4197 1448 4244 cum
1472 4177 1598 4244 elisione
1620 4180 1690 4244 tum
1713 4177 1820 4244 enclisi
1842 4179 1875 4243 in
1899 4196 1995 4243 unum
2021 4167 2109 4258 quasi

474 4265 639 4346 confluant,
671 4287 730 4350 quo
756 4271 839 4336 iacto
870 4270 922 4334 bic
944 4287 1051 4334 versus
1073 4288 1169 4351 aeque
1192 4270 1285 4352 atque
1308 4268 1356 4334 illi
1380 4267 1635 4351 semiseptenaria
1658 4267 1798 4333 caeditur
1821 4269 1914 4349 atque
1937 4266 2024 4334 omni
2046 4262 2108 4327 iere

473 4354 639 4421 offensione
661 4361 824 4440 purgatur.

396 4441 447 4509 12.
473 4443 554 4509 Phil.
579 4443 646 4520 'lta
689 4443 806 4518 clorio
827 4451 1081 4528 accolentium·
1112 4443 1271 4516 Αούδέν.
1293 4443 1313 4536 ἢ
1334 4449 1424 4536 λύπη
1446 4442 1556 4531 δ’ἔχοι.
1602 4444 1689 4510 Haec
1723 4443 1877 4526 scriptura
1910 4462 1971 4509 uon
2006 4440 2108 4507 minus

473 4551 565 4615 quam
588 4533 662 4600 libri
683 4547 709 4606 A
730 4539 838 4604 verba:
873 4546 909 4606 τί
928 4533 990 4606 ote
1012 4549 1109 4620 ποεῖς
1131 4543 1254 4618 mltum·
1287 4534 1398 4607 ούδέν.
1420 4533 1440 4625 ἢ
1461 4538 1550 4626 λύπη
1573 4531 1695 4619 σ’ἔχα
1725 4532 1868 4616 rhythmi
1896 4531 1982 4616 leges
2010 4549 2047 4596 ea
2074 4540 2106 4622 ri?

473 4621 578 4700 violat,
612 4626 693 4706 quod
725 4629 796 4710 post
826 4625 1014 4710 bisyllabam
1037 4629 1118 4694 arsin
1150 4630 1183 4694 et
1214 4628 1370 4693 enunciati
1399 4627 1470 4692 finis
1492 4628 1526 4691 et
1549 4643 1676 4692 caesura
1698 4624 1756 4702 est,
1791 4622 1828 4686 ut
1850 4620 1962 4688 solutio
1987 4630 2106 4686 numen

472 4709 626 4776 defluxum
650 4716 825 4782 accelerans
849 4716 881 4780 et
904 4733 1030 4781 euasura
1053 4717 1215 4783 retardans
1239 4718 1346 4782 contra
1368 4715 1519 4799 pugnent,

505 4885 514 4915 ,
591 4889 597 4902 .
616 4889 622 4902 .
792 4891 798 4904 .
1011 4898 1016 4908 .
1200 4896 1205 4906 .

542 4886 1567 5035 fflgihiicsothilhleeaitpierlthtriiriiibeiliiriisteiarmliffdii'pirirtseiir,
1586 4975 1662 5030 quae
1682 4956 1776 5014 ictum
1793 4956 1860 5012 fert.

544 5031 632 5089 Errat
650 5032 742 5107 igitur
760 5032 895 5090 Schmidt
911 5033 931 5090 1.
950 5033 968 5090 l.
987 5052 1015 5106 p.
1033 5039 1078 5095 47.
